%% This BibTeX bibliography file was created using BibDesk.
%% http://bibdesk.sourceforge.net/

%% Created for Florian OSWALD at 2018-05-03 18:14:20 +0200 


%% Saved with string encoding Unicode (UTF-8) 



@article{GAURE20138,
	Author = {Simen Gaure},
	Date-Added = {2018-05-03 08:42:44 +0000},
	Date-Modified = {2018-05-03 08:42:44 +0000},
	Doi = {https://doi.org/10.1016/j.csda.2013.03.024},
	Issn = {0167-9473},
	Journal = {Computational Statistics & Data Analysis},
	Keywords = {Alternating projections, Fixed effect estimator, Kaczmarz method, Two-way fixed effects, Multiple fixed effects, High dimensional category variables, Panel data},
	Pages = {8 - 18},
	Title = {OLS with multiple high dimensional category variables},
	Url = {http://www.sciencedirect.com/science/article/pii/S0167947313001266},
	Volume = {66},
	Year = {2013},
	Bdsk-Url-1 = {http://www.sciencedirect.com/science/article/pii/S0167947313001266},
	Bdsk-Url-2 = {https://doi.org/10.1016/j.csda.2013.03.024}}

@article{KEANE20091,
	Author = {Michael P. Keane and Kenneth I. Wolpin},
	Date-Added = {2018-01-23 11:27:16 +0000},
	Date-Modified = {2018-01-23 11:27:16 +0000},
	Doi = {https://doi.org/10.1016/j.red.2008.07.001},
	Issn = {1094-2025},
	Journal = {Review of Economic Dynamics},
	Keywords = {Discrete choice dynamic programming models, Policy evaluation, Structural estimation},
	Number = {1},
	Pages = {1 - 22},
	Title = {Empirical applications of discrete choice dynamic programming models},
	Url = {http://www.sciencedirect.com/science/article/pii/S1094202508000318},
	Volume = {12},
	Year = {2009},
	Bdsk-Url-1 = {http://www.sciencedirect.com/science/article/pii/S1094202508000318},
	Bdsk-Url-2 = {https://doi.org/10.1016/j.red.2008.07.001}}

@article{landvoigt2015housing,
	Author = {Landvoigt, Tim and Piazzesi, Monika and Schneider, Martin},
	Date-Added = {2017-04-26 13:51:16 +0000},
	Date-Modified = {2017-04-26 13:51:16 +0000},
	Journal = {The American Economic Review},
	Number = {4},
	Pages = {1371--1407},
	Publisher = {American Economic Association},
	Title = {The housing market (s) of San Diego},
	Volume = {105},
	Year = {2015},
	Bdsk-File-1 = {YnBsaXN0MDDUAQIDBAUGJCVYJHZlcnNpb25YJG9iamVjdHNZJGFyY2hpdmVyVCR0b3ASAAGGoKgHCBMUFRYaIVUkbnVsbNMJCgsMDxJXTlMua2V5c1pOUy5vYmplY3RzViRjbGFzc6INDoACgAOiEBGABIAFgAdccmVsYXRpdmVQYXRoWWFsaWFzRGF0YV8QKC4uLy4uLy4uLy4uLy4uL1BhcGVycy9MYW5kdm9pZ3QvMjAxNS5wZGbSFwsYGVdOUy5kYXRhTxEBTgAAAAABTgACAAAMTWFjaW50b3NoIEhEAAAAAAAAAAAAAAAAAAAAAAAAAEJEAAH/////CDIwMTUucGRmAAAAAAAAAAAAAAAAAAAAAAAAAAAAAAAAAAAAAAAAAAAAAAAAAAAAAAAAAAAAAAAAAAAAAAAAAP////8AAAAAAAAAAAAAAAAABQADAAAKIGN1AAAAAAAAAAAAAAAAAAlMYW5kdm9pZ3QAAAIALy86VXNlcnM6NzQwOTc6RHJvcGJveDpQYXBlcnM6TGFuZHZvaWd0OjIwMTUucGRmAAAOABIACAAyADAAMQA1AC4AcABkAGYADwAaAAwATQBhAGMAaQBuAHQAbwBzAGgAIABIAEQAEgAtVXNlcnMvNzQwOTcvRHJvcGJveC9QYXBlcnMvTGFuZHZvaWd0LzIwMTUucGRmAAATAAEvAAAVAAIADP//AACABtIbHB0eWiRjbGFzc25hbWVYJGNsYXNzZXNdTlNNdXRhYmxlRGF0YaMdHyBWTlNEYXRhWE5TT2JqZWN00hscIiNcTlNEaWN0aW9uYXJ5oiIgXxAPTlNLZXllZEFyY2hpdmVy0SYnVHJvb3SAAQAIABEAGgAjAC0AMgA3AEAARgBNAFUAYABnAGoAbABuAHEAcwB1AHcAhACOALkAvgDGAhgCGgIfAioCMwJBAkUCTAJVAloCZwJqAnwCfwKEAAAAAAAAAgEAAAAAAAAAKAAAAAAAAAAAAAAAAAAAAoY=}}

@article{bayer2016dynamic,
	Author = {Bayer, Patrick and McMillan, Robert and Murphy, Alvin and Timmins, Christopher},
	Date-Added = {2017-04-14 07:42:01 +0000},
	Date-Modified = {2017-04-14 07:42:01 +0000},
	Journal = {Econometrica},
	Number = {3},
	Pages = {893--942},
	Publisher = {Wiley Online Library},
	Title = {A dynamic model of demand for houses and neighborhoods},
	Volume = {84},
	Year = {2016},
	Bdsk-File-1 = {YnBsaXN0MDDUAQIDBAUGJCVYJHZlcnNpb25YJG9iamVjdHNZJGFyY2hpdmVyVCR0b3ASAAGGoKgHCBMUFRYaIVUkbnVsbNMJCgsMDxJXTlMua2V5c1pOUy5vYmplY3RzViRjbGFzc6INDoACgAOiEBGABIAFgAdccmVsYXRpdmVQYXRoWWFsaWFzRGF0YV8QJC4uLy4uLy4uLy4uLy4uL1BhcGVycy9CYXllci8yMDE2LnBkZtIXCxgZV05TLmRhdGFPEQFCAAAAAAFCAAIAAAxNYWNpbnRvc2ggSEQAAAAAAAAAAAAAAAAAAAAAAAAAQkQAAf////8IMjAxNi5wZGYAAAAAAAAAAAAAAAAAAAAAAAAAAAAAAAAAAAAAAAAAAAAAAAAAAAAAAAAAAAAAAAAAAAAAAAAA/////wAAAABQREYgAAAAAAAFAAMAAAogY3UAAAAAAAAAAAAAAAAABUJheWVyAAACACsvOlVzZXJzOjc0MDk3OkRyb3Bib3g6UGFwZXJzOkJheWVyOjIwMTYucGRmAAAOABIACAAyADAAMQA2AC4AcABkAGYADwAaAAwATQBhAGMAaQBuAHQAbwBzAGgAIABIAEQAEgApVXNlcnMvNzQwOTcvRHJvcGJveC9QYXBlcnMvQmF5ZXIvMjAxNi5wZGYAABMAAS8AABUAAgAM//8AAIAG0hscHR5aJGNsYXNzbmFtZVgkY2xhc3Nlc11OU011dGFibGVEYXRhox0fIFZOU0RhdGFYTlNPYmplY3TSGxwiI1xOU0RpY3Rpb25hcnmiIiBfEA9OU0tleWVkQXJjaGl2ZXLRJidUcm9vdIABAAgAEQAaACMALQAyADcAQABGAE0AVQBgAGcAagBsAG4AcQBzAHUAdwCEAI4AtQC6AMICCAIKAg8CGgIjAjECNQI8AkUCSgJXAloCbAJvAnQAAAAAAAACAQAAAAAAAAAoAAAAAAAAAAAAAAAAAAACdg==}}

@article{guerrieri2013endogenous,
	Author = {Guerrieri, Veronica and Hartley, Daniel and Hurst, Erik},
	Date-Added = {2017-04-04 08:13:49 +0000},
	Date-Modified = {2017-04-04 08:13:49 +0000},
	Journal = {Journal of Public Economics},
	Pages = {45--60},
	Publisher = {Elsevier},
	Title = {Endogenous gentrification and housing price dynamics},
	Volume = {100},
	Year = {2013},
	Bdsk-File-1 = {YnBsaXN0MDDUAQIDBAUGJCVYJHZlcnNpb25YJG9iamVjdHNZJGFyY2hpdmVyVCR0b3ASAAGGoKgHCBMUFRYaIVUkbnVsbNMJCgsMDxJXTlMua2V5c1pOUy5vYmplY3RzViRjbGFzc6INDoACgAOiEBGABIAFgAdccmVsYXRpdmVQYXRoWWFsaWFzRGF0YV8QKS4uLy4uLy4uLy4uLy4uL1BhcGVycy9HdWVycmllcmkvMjAxMy5za2lt0hcLGBlXTlMuZGF0YU8RAVAAAAAAAVAAAgAADE1hY2ludG9zaCBIRAAAAAAAAAAAAAAAAAAAAAAAAABCRAAB/////wkyMDEzLnNraW0AAAAAAAAAAAAAAAAAAAAAAAAAAAAAAAAAAAAAAAAAAAAAAAAAAAAAAAAAAAAAAAAAAAAAAAD/////AAAAAFNLTlQAAAAAAAUAAwAACiBjdQAAAAAAAAAAAAAAAAAJR3VlcnJpZXJpAAACADAvOlVzZXJzOjc0MDk3OkRyb3Bib3g6UGFwZXJzOkd1ZXJyaWVyaToyMDEzLnNraW0ADgAUAAkAMgAwADEAMwAuAHMAawBpAG0ADwAaAAwATQBhAGMAaQBuAHQAbwBzAGgAIABIAEQAEgAuVXNlcnMvNzQwOTcvRHJvcGJveC9QYXBlcnMvR3VlcnJpZXJpLzIwMTMuc2tpbQATAAEvAAAVAAIADP//AACABtIbHB0eWiRjbGFzc25hbWVYJGNsYXNzZXNdTlNNdXRhYmxlRGF0YaMdHyBWTlNEYXRhWE5TT2JqZWN00hscIiNcTlNEaWN0aW9uYXJ5oiIgXxAPTlNLZXllZEFyY2hpdmVy0SYnVHJvb3SAAQAIABEAGgAjAC0AMgA3AEAARgBNAFUAYABnAGoAbABuAHEAcwB1AHcAhACOALoAvwDHAhsCHQIiAi0CNgJEAkgCTwJYAl0CagJtAn8CggKHAAAAAAAAAgEAAAAAAAAAKAAAAAAAAAAAAAAAAAAAAok=},
	Bdsk-File-2 = {YnBsaXN0MDDUAQIDBAUGJCVYJHZlcnNpb25YJG9iamVjdHNZJGFyY2hpdmVyVCR0b3ASAAGGoKgHCBMUFRYaIVUkbnVsbNMJCgsMDxJXTlMua2V5c1pOUy5vYmplY3RzViRjbGFzc6INDoACgAOiEBGABIAFgAdccmVsYXRpdmVQYXRoWWFsaWFzRGF0YV8QKC4uLy4uLy4uLy4uLy4uL1BhcGVycy9HdWVycmllcmkvMjAxMy5wZGbSFwsYGVdOUy5kYXRhTxEBTgAAAAABTgACAAAMTWFjaW50b3NoIEhEAAAAAAAAAAAAAAAAAAAAAAAAAEJEAAH/////CDIwMTMucGRmAAAAAAAAAAAAAAAAAAAAAAAAAAAAAAAAAAAAAAAAAAAAAAAAAAAAAAAAAAAAAAAAAAAAAAAAAP////8AAAAAUERGIAAAAAAABQADAAAKIGN1AAAAAAAAAAAAAAAAAAlHdWVycmllcmkAAAIALy86VXNlcnM6NzQwOTc6RHJvcGJveDpQYXBlcnM6R3VlcnJpZXJpOjIwMTMucGRmAAAOABIACAAyADAAMQAzAC4AcABkAGYADwAaAAwATQBhAGMAaQBuAHQAbwBzAGgAIABIAEQAEgAtVXNlcnMvNzQwOTcvRHJvcGJveC9QYXBlcnMvR3VlcnJpZXJpLzIwMTMucGRmAAATAAEvAAAVAAIADP//AACABtIbHB0eWiRjbGFzc25hbWVYJGNsYXNzZXNdTlNNdXRhYmxlRGF0YaMdHyBWTlNEYXRhWE5TT2JqZWN00hscIiNcTlNEaWN0aW9uYXJ5oiIgXxAPTlNLZXllZEFyY2hpdmVy0SYnVHJvb3SAAQAIABEAGgAjAC0AMgA3AEAARgBNAFUAYABnAGoAbABuAHEAcwB1AHcAhACOALkAvgDGAhgCGgIfAioCMwJBAkUCTAJVAloCZwJqAnwCfwKEAAAAAAAAAgEAAAAAAAAAKAAAAAAAAAAAAAAAAAAAAoY=}}

@article{gale1962college,
	Author = {Gale, David and Shapley, Lloyd S},
	Date-Added = {2017-03-30 11:06:45 +0000},
	Date-Modified = {2017-03-30 11:06:45 +0000},
	Journal = {The American Mathematical Monthly},
	Number = {1},
	Pages = {9--15},
	Publisher = {JSTOR},
	Title = {College admissions and the stability of marriage},
	Volume = {69},
	Year = {1962}}

@article{hagedorn2012identifying,
	Author = {Hagedorn, Marcus and Law, Tzuo Hann and Manovskii, Iourii},
	Date-Added = {2017-03-23 15:14:21 +0000},
	Date-Modified = {2017-03-23 15:14:47 +0000},
	Journal = {Econometrica forthcoming},
	Title = {Identifying equilibrium models of labor market sorting},
	Year = {2017},
	Bdsk-File-1 = {YnBsaXN0MDDUAQIDBAUGJCVYJHZlcnNpb25YJG9iamVjdHNZJGFyY2hpdmVyVCR0b3ASAAGGoKgHCBMUFRYaIVUkbnVsbNMJCgsMDxJXTlMua2V5c1pOUy5vYmplY3RzViRjbGFzc6INDoACgAOiEBGABIAFgAdccmVsYXRpdmVQYXRoWWFsaWFzRGF0YV8QJy4uLy4uLy4uLy4uLy4uL1BhcGVycy9IYWdlZG9ybi8yMDE3LnBkZtIXCxgZV05TLmRhdGFPEQFIAAAAAAFIAAIAAAxNYWNpbnRvc2ggSEQAAAAAAAAAAAAAAAAAAAAAAAAAQkQAAf////8IMjAxNy5wZGYAAAAAAAAAAAAAAAAAAAAAAAAAAAAAAAAAAAAAAAAAAAAAAAAAAAAAAAAAAAAAAAAAAAAAAAAA/////wAAAABQREYgAAAAAAAFAAMAAAogY3UAAAAAAAAAAAAAAAAACEhhZ2Vkb3JuAAIALi86VXNlcnM6NzQwOTc6RHJvcGJveDpQYXBlcnM6SGFnZWRvcm46MjAxNy5wZGYADgASAAgAMgAwADEANwAuAHAAZABmAA8AGgAMAE0AYQBjAGkAbgB0AG8AcwBoACAASABEABIALFVzZXJzLzc0MDk3L0Ryb3Bib3gvUGFwZXJzL0hhZ2Vkb3JuLzIwMTcucGRmABMAAS8AABUAAgAM//8AAIAG0hscHR5aJGNsYXNzbmFtZVgkY2xhc3Nlc11OU011dGFibGVEYXRhox0fIFZOU0RhdGFYTlNPYmplY3TSGxwiI1xOU0RpY3Rpb25hcnmiIiBfEA9OU0tleWVkQXJjaGl2ZXLRJidUcm9vdIABAAgAEQAaACMALQAyADcAQABGAE0AVQBgAGcAagBsAG4AcQBzAHUAdwCEAI4AuAC9AMUCEQITAhgCIwIsAjoCPgJFAk4CUwJgAmMCdQJ4An0AAAAAAAACAQAAAAAAAAAoAAAAAAAAAAAAAAAAAAACfw==}}

@article{glitz2012labor,
	Author = {Glitz, Albrecht},
	Date-Added = {2017-03-15 10:18:40 +0000},
	Date-Modified = {2017-03-15 10:18:40 +0000},
	Journal = {Journal of Labor Economics},
	Number = {1},
	Pages = {175--213},
	Publisher = {University of Chicago Press Chicago, IL},
	Title = {The labor market impact of immigration: A quasi-experiment exploiting immigrant location rules in Germany},
	Volume = {30},
	Year = {2012},
	Bdsk-File-1 = {YnBsaXN0MDDUAQIDBAUGJCVYJHZlcnNpb25YJG9iamVjdHNZJGFyY2hpdmVyVCR0b3ASAAGGoKgHCBMUFRYaIVUkbnVsbNMJCgsMDxJXTlMua2V5c1pOUy5vYmplY3RzViRjbGFzc6INDoACgAOiEBGABIAFgAdccmVsYXRpdmVQYXRoWWFsaWFzRGF0YV8QJC4uLy4uLy4uLy4uLy4uL1BhcGVycy9HbGl0ei8yMDEyLnBkZtIXCxgZV05TLmRhdGFPEQFCAAAAAAFCAAIAAAxNYWNpbnRvc2ggSEQAAAAAAAAAAAAAAAAAAAAAAAAAQkQAAf////8IMjAxMi5wZGYAAAAAAAAAAAAAAAAAAAAAAAAAAAAAAAAAAAAAAAAAAAAAAAAAAAAAAAAAAAAAAAAAAAAAAAAA/////wAAAAAAAAAAAAAAAAAFAAMAAAogY3UAAAAAAAAAAAAAAAAABUdsaXR6AAACACsvOlVzZXJzOjc0MDk3OkRyb3Bib3g6UGFwZXJzOkdsaXR6OjIwMTIucGRmAAAOABIACAAyADAAMQAyAC4AcABkAGYADwAaAAwATQBhAGMAaQBuAHQAbwBzAGgAIABIAEQAEgApVXNlcnMvNzQwOTcvRHJvcGJveC9QYXBlcnMvR2xpdHovMjAxMi5wZGYAABMAAS8AABUAAgAM//8AAIAG0hscHR5aJGNsYXNzbmFtZVgkY2xhc3Nlc11OU011dGFibGVEYXRhox0fIFZOU0RhdGFYTlNPYmplY3TSGxwiI1xOU0RpY3Rpb25hcnmiIiBfEA9OU0tleWVkQXJjaGl2ZXLRJidUcm9vdIABAAgAEQAaACMALQAyADcAQABGAE0AVQBgAGcAagBsAG4AcQBzAHUAdwCEAI4AtQC6AMICCAIKAg8CGgIjAjECNQI8AkUCSgJXAloCbAJvAnQAAAAAAAACAQAAAAAAAAAoAAAAAAAAAAAAAAAAAAACdg==}}

@article{eeckhout2011identifying,
	Author = {Eeckhout, Jan and Kircher, Philipp},
	Date-Added = {2017-03-15 09:48:33 +0000},
	Date-Modified = {2017-03-15 09:48:33 +0000},
	Journal = {The Review of Economic Studies},
	Pages = {rdq034},
	Publisher = {Oxford University Press},
	Title = {Identifying sorting---in theory},
	Year = {2011},
	Bdsk-File-1 = {YnBsaXN0MDDUAQIDBAUGJCVYJHZlcnNpb25YJG9iamVjdHNZJGFyY2hpdmVyVCR0b3ASAAGGoKgHCBMUFRYaIVUkbnVsbNMJCgsMDxJXTlMua2V5c1pOUy5vYmplY3RzViRjbGFzc6INDoACgAOiEBGABIAFgAdccmVsYXRpdmVQYXRoWWFsaWFzRGF0YV8QJy4uLy4uLy4uLy4uLy4uL1BhcGVycy9FZWNraG91dC8yMDExLnBkZtIXCxgZV05TLmRhdGFPEQFIAAAAAAFIAAIAAAxNYWNpbnRvc2ggSEQAAAAAAAAAAAAAAAAAAAAAAAAAQkQAAf////8IMjAxMS5wZGYAAAAAAAAAAAAAAAAAAAAAAAAAAAAAAAAAAAAAAAAAAAAAAAAAAAAAAAAAAAAAAAAAAAAAAAAA/////wAAAAAAAAAAAAAAAAAFAAMAAAogY3UAAAAAAAAAAAAAAAAACEVlY2tob3V0AAIALi86VXNlcnM6NzQwOTc6RHJvcGJveDpQYXBlcnM6RWVja2hvdXQ6MjAxMS5wZGYADgASAAgAMgAwADEAMQAuAHAAZABmAA8AGgAMAE0AYQBjAGkAbgB0AG8AcwBoACAASABEABIALFVzZXJzLzc0MDk3L0Ryb3Bib3gvUGFwZXJzL0VlY2tob3V0LzIwMTEucGRmABMAAS8AABUAAgAM//8AAIAG0hscHR5aJGNsYXNzbmFtZVgkY2xhc3Nlc11OU011dGFibGVEYXRhox0fIFZOU0RhdGFYTlNPYmplY3TSGxwiI1xOU0RpY3Rpb25hcnmiIiBfEA9OU0tleWVkQXJjaGl2ZXLRJidUcm9vdIABAAgAEQAaACMALQAyADcAQABGAE0AVQBgAGcAagBsAG4AcQBzAHUAdwCEAI4AuAC9AMUCEQITAhgCIwIsAjoCPgJFAk4CUwJgAmMCdQJ4An0AAAAAAAACAQAAAAAAAAAoAAAAAAAAAAAAAAAAAAACfw==}}

@article{Andrews2012824,
	Abstract = {Limited Mobility Bias explains why positive assortative matching is not observed in the empirical literature. Using German social security records, we estimate the correlation between worker and firm contributions to wage equations and find that it is unambiguously positive. },
	Author = {M.J. Andrews and L. Gill and T. Schank and R. Upward},
	Date-Added = {2017-02-17 17:10:08 +0000},
	Date-Modified = {2017-02-17 17:10:08 +0000},
	Doi = {http://dx.doi.org/10.1016/j.econlet.2012.07.033},
	Issn = {0165-1765},
	Journal = {Economics Letters},
	Keywords = {Positive assortative matching},
	Number = {3},
	Pages = {824 - 827},
	Title = {High wage workers match with high wage firms: Clear evidence of the effects of limited mobility bias},
	Url = {http://www.sciencedirect.com/science/article/pii/S0165176512004272},
	Volume = {117},
	Year = {2012},
	Bdsk-File-1 = {YnBsaXN0MDDUAQIDBAUGJCVYJHZlcnNpb25YJG9iamVjdHNZJGFyY2hpdmVyVCR0b3ASAAGGoKgHCBMUFRYaIVUkbnVsbNMJCgsMDxJXTlMua2V5c1pOUy5vYmplY3RzViRjbGFzc6INDoACgAOiEBGABIAFgAdccmVsYXRpdmVQYXRoWWFsaWFzRGF0YV8QJi4uLy4uLy4uLy4uLy4uL1BhcGVycy9BbmRyZXdzLzIwMTIucGRm0hcLGBlXTlMuZGF0YU8RAUgAAAAAAUgAAgAADE1hY2ludG9zaCBIRAAAAAAAAAAAAAAAAAAAAAAAAABCRAAB/////wgyMDEyLnBkZgAAAAAAAAAAAAAAAAAAAAAAAAAAAAAAAAAAAAAAAAAAAAAAAAAAAAAAAAAAAAAAAAAAAAAAAAD/////AAAAAFBERiAAAAAAAAUAAwAACiBjdQAAAAAAAAAAAAAAAAAHQW5kcmV3cwAAAgAtLzpVc2Vyczo3NDA5NzpEcm9wYm94OlBhcGVyczpBbmRyZXdzOjIwMTIucGRmAAAOABIACAAyADAAMQAyAC4AcABkAGYADwAaAAwATQBhAGMAaQBuAHQAbwBzAGgAIABIAEQAEgArVXNlcnMvNzQwOTcvRHJvcGJveC9QYXBlcnMvQW5kcmV3cy8yMDEyLnBkZgAAEwABLwAAFQACAAz//wAAgAbSGxwdHlokY2xhc3NuYW1lWCRjbGFzc2VzXU5TTXV0YWJsZURhdGGjHR8gVk5TRGF0YVhOU09iamVjdNIbHCIjXE5TRGljdGlvbmFyeaIiIF8QD05TS2V5ZWRBcmNoaXZlctEmJ1Ryb290gAEACAARABoAIwAtADIANwBAAEYATQBVAGAAZwBqAGwAbgBxAHMAdQB3AIQAjgC3ALwAxAIQAhICFwIiAisCOQI9AkQCTQJSAl8CYgJ0AncCfAAAAAAAAAIBAAAAAAAAACgAAAAAAAAAAAAAAAAAAAJ+},
	Bdsk-Url-1 = {http://www.sciencedirect.com/science/article/pii/S0165176512004272},
	Bdsk-Url-2 = {http://dx.doi.org/10.1016/j.econlet.2012.07.033}}

@article{card2013workplace,
	Author = {Card, David and Heining, J{\"o}rg and Kline, Patrick},
	Date-Added = {2017-02-17 16:02:19 +0000},
	Date-Modified = {2017-02-17 16:02:19 +0000},
	Journal = {The Quarterly Journal of Economics},
	Number = {3},
	Pages = {967--1015},
	Publisher = {Oxford University Press},
	Title = {Workplace heterogeneity and the rise of West German wage inequality},
	Volume = {128},
	Year = {2013},
	Bdsk-File-1 = {YnBsaXN0MDDUAQIDBAUGJCVYJHZlcnNpb25YJG9iamVjdHNZJGFyY2hpdmVyVCR0b3ASAAGGoKgHCBMUFRYaIVUkbnVsbNMJCgsMDxJXTlMua2V5c1pOUy5vYmplY3RzViRjbGFzc6INDoACgAOiEBGABIAFgAdccmVsYXRpdmVQYXRoWWFsaWFzRGF0YV8QJC4uLy4uLy4uLy4uLy4uL1BhcGVycy9DYXJkLzIwMTNhLnBkZtIXCxgZV05TLmRhdGFPEQFCAAAAAAFCAAIAAAxNYWNpbnRvc2ggSEQAAAAAAAAAAAAAAAAAAAAAAAAAQkQAAf////8JMjAxM2EucGRmAAAAAAAAAAAAAAAAAAAAAAAAAAAAAAAAAAAAAAAAAAAAAAAAAAAAAAAAAAAAAAAAAAAAAAAA/////wAAAAAAAAAAAAAAAAAFAAMAAAogY3UAAAAAAAAAAAAAAAAABENhcmQAAgArLzpVc2Vyczo3NDA5NzpEcm9wYm94OlBhcGVyczpDYXJkOjIwMTNhLnBkZgAADgAUAAkAMgAwADEAMwBhAC4AcABkAGYADwAaAAwATQBhAGMAaQBuAHQAbwBzAGgAIABIAEQAEgApVXNlcnMvNzQwOTcvRHJvcGJveC9QYXBlcnMvQ2FyZC8yMDEzYS5wZGYAABMAAS8AABUAAgAM//8AAIAG0hscHR5aJGNsYXNzbmFtZVgkY2xhc3Nlc11OU011dGFibGVEYXRhox0fIFZOU0RhdGFYTlNPYmplY3TSGxwiI1xOU0RpY3Rpb25hcnmiIiBfEA9OU0tleWVkQXJjaGl2ZXLRJidUcm9vdIABAAgAEQAaACMALQAyADcAQABGAE0AVQBgAGcAagBsAG4AcQBzAHUAdwCEAI4AtQC6AMICCAIKAg8CGgIjAjECNQI8AkUCSgJXAloCbAJvAnQAAAAAAAACAQAAAAAAAAAoAAAAAAAAAAAAAAAAAAACdg==}}

@article{andrews2008high,
	Author = {Andrews, Martyn J and Gill, Len and Schank, Thorsten and Upward, Richard},
	Date-Added = {2017-02-17 15:47:06 +0000},
	Date-Modified = {2017-02-17 15:47:06 +0000},
	Journal = {Journal of the Royal Statistical Society: Series A (Statistics in Society)},
	Number = {3},
	Pages = {673--697},
	Publisher = {Wiley Online Library},
	Title = {High wage workers and low wage firms: negative assortative matching or limited mobility bias?},
	Volume = {171},
	Year = {2008},
	Bdsk-File-1 = {YnBsaXN0MDDUAQIDBAUGJCVYJHZlcnNpb25YJG9iamVjdHNZJGFyY2hpdmVyVCR0b3ASAAGGoKgHCBMUFRYaIVUkbnVsbNMJCgsMDxJXTlMua2V5c1pOUy5vYmplY3RzViRjbGFzc6INDoACgAOiEBGABIAFgAdccmVsYXRpdmVQYXRoWWFsaWFzRGF0YV8QJy4uLy4uLy4uLy4uLy4uL1BhcGVycy9BbmRyZXdzLzIwMDhhLnBkZtIXCxgZV05TLmRhdGFPEQFKAAAAAAFKAAIAAAxNYWNpbnRvc2ggSEQAAAAAAAAAAAAAAAAAAAAAAAAAQkQAAf////8JMjAwOGEucGRmAAAAAAAAAAAAAAAAAAAAAAAAAAAAAAAAAAAAAAAAAAAAAAAAAAAAAAAAAAAAAAAAAAAAAAAA/////wAAAABQREYgAAAAAAAFAAMAAAogY3UAAAAAAAAAAAAAAAAAB0FuZHJld3MAAAIALi86VXNlcnM6NzQwOTc6RHJvcGJveDpQYXBlcnM6QW5kcmV3czoyMDA4YS5wZGYADgAUAAkAMgAwADAAOABhAC4AcABkAGYADwAaAAwATQBhAGMAaQBuAHQAbwBzAGgAIABIAEQAEgAsVXNlcnMvNzQwOTcvRHJvcGJveC9QYXBlcnMvQW5kcmV3cy8yMDA4YS5wZGYAEwABLwAAFQACAAz//wAAgAbSGxwdHlokY2xhc3NuYW1lWCRjbGFzc2VzXU5TTXV0YWJsZURhdGGjHR8gVk5TRGF0YVhOU09iamVjdNIbHCIjXE5TRGljdGlvbmFyeaIiIF8QD05TS2V5ZWRBcmNoaXZlctEmJ1Ryb290gAEACAARABoAIwAtADIANwBAAEYATQBVAGAAZwBqAGwAbgBxAHMAdQB3AIQAjgC4AL0AxQITAhUCGgIlAi4CPAJAAkcCUAJVAmICZQJ3AnoCfwAAAAAAAAIBAAAAAAAAACgAAAAAAAAAAAAAAAAAAAKB}}

@techreport{chade2014search,
	Author = {Chade, Hector and Eeckhout, Jan and Smith, Lones},
	Date-Added = {2017-02-17 11:09:16 +0000},
	Date-Modified = {2017-02-17 11:09:16 +0000},
	Institution = {Technical report, working paper, 2014. 42},
	Title = {Search and matching models in microeconomics},
	Year = {2014},
	Bdsk-File-1 = {YnBsaXN0MDDUAQIDBAUGJCVYJHZlcnNpb25YJG9iamVjdHNZJGFyY2hpdmVyVCR0b3ASAAGGoKgHCBMUFRYaIVUkbnVsbNMJCgsMDxJXTlMua2V5c1pOUy5vYmplY3RzViRjbGFzc6INDoACgAOiEBGABIAFgAdccmVsYXRpdmVQYXRoWWFsaWFzRGF0YV8QJC4uLy4uLy4uLy4uLy4uL1BhcGVycy9DaGFkZS8yMDE0LnBkZtIXCxgZV05TLmRhdGFPEQFCAAAAAAFCAAIAAAxNYWNpbnRvc2ggSEQAAAAAAAAAAAAAAAAAAAAAAAAAQkQAAf////8IMjAxNC5wZGYAAAAAAAAAAAAAAAAAAAAAAAAAAAAAAAAAAAAAAAAAAAAAAAAAAAAAAAAAAAAAAAAAAAAAAAAA/////wAAAABQREYgAAAAAAAFAAMAAAogY3UAAAAAAAAAAAAAAAAABUNoYWRlAAACACsvOlVzZXJzOjc0MDk3OkRyb3Bib3g6UGFwZXJzOkNoYWRlOjIwMTQucGRmAAAOABIACAAyADAAMQA0AC4AcABkAGYADwAaAAwATQBhAGMAaQBuAHQAbwBzAGgAIABIAEQAEgApVXNlcnMvNzQwOTcvRHJvcGJveC9QYXBlcnMvQ2hhZGUvMjAxNC5wZGYAABMAAS8AABUAAgAM//8AAIAG0hscHR5aJGNsYXNzbmFtZVgkY2xhc3Nlc11OU011dGFibGVEYXRhox0fIFZOU0RhdGFYTlNPYmplY3TSGxwiI1xOU0RpY3Rpb25hcnmiIiBfEA9OU0tleWVkQXJjaGl2ZXLRJidUcm9vdIABAAgAEQAaACMALQAyADcAQABGAE0AVQBgAGcAagBsAG4AcQBzAHUAdwCEAI4AtQC6AMICCAIKAg8CGgIjAjECNQI8AkUCSgJXAloCbAJvAnQAAAAAAAACAQAAAAAAAAAoAAAAAAAAAAAAAAAAAAACdg==}}

@incollection{becker1974theory,
	Author = {Becker, Gary S},
	Booktitle = {Economics of the family: Marriage, children, and human capital},
	Date-Added = {2017-02-17 10:11:06 +0000},
	Date-Modified = {2017-02-17 10:11:06 +0000},
	Pages = {299--351},
	Publisher = {University of Chicago Press},
	Title = {A theory of marriage},
	Year = {1974},
	Bdsk-File-1 = {YnBsaXN0MDDUAQIDBAUGJCVYJHZlcnNpb25YJG9iamVjdHNZJGFyY2hpdmVyVCR0b3ASAAGGoKgHCBMUFRYaIVUkbnVsbNMJCgsMDxJXTlMua2V5c1pOUy5vYmplY3RzViRjbGFzc6INDoACgAOiEBGABIAFgAdccmVsYXRpdmVQYXRoWWFsaWFzRGF0YV8QJS4uLy4uLy4uLy4uLy4uL1BhcGVycy9CZWNrZXIvMTk3NC5wZGbSFwsYGVdOUy5kYXRhTxEBQgAAAAABQgACAAAMTWFjaW50b3NoIEhEAAAAAAAAAAAAAAAAAAAAAAAAAEJEAAH/////CDE5NzQucGRmAAAAAAAAAAAAAAAAAAAAAAAAAAAAAAAAAAAAAAAAAAAAAAAAAAAAAAAAAAAAAAAAAAAAAAAAAP////8AAAAAUERGIAAAAAAABQADAAAKIGN1AAAAAAAAAAAAAAAAAAZCZWNrZXIAAgAsLzpVc2Vyczo3NDA5NzpEcm9wYm94OlBhcGVyczpCZWNrZXI6MTk3NC5wZGYADgASAAgAMQA5ADcANAAuAHAAZABmAA8AGgAMAE0AYQBjAGkAbgB0AG8AcwBoACAASABEABIAKlVzZXJzLzc0MDk3L0Ryb3Bib3gvUGFwZXJzL0JlY2tlci8xOTc0LnBkZgATAAEvAAAVAAIADP//AACABtIbHB0eWiRjbGFzc25hbWVYJGNsYXNzZXNdTlNNdXRhYmxlRGF0YaMdHyBWTlNEYXRhWE5TT2JqZWN00hscIiNcTlNEaWN0aW9uYXJ5oiIgXxAPTlNLZXllZEFyY2hpdmVy0SYnVHJvb3SAAQAIABEAGgAjAC0AMgA3AEAARgBNAFUAYABnAGoAbABuAHEAcwB1AHcAhACOALYAuwDDAgkCCwIQAhsCJAIyAjYCPQJGAksCWAJbAm0CcAJ1AAAAAAAAAgEAAAAAAAAAKAAAAAAAAAAAAAAAAAAAAnc=}}

@misc{heckman1977sample,
	Author = {Heckman, James J},
	Date-Added = {2017-02-09 13:00:30 +0000},
	Date-Modified = {2017-02-09 13:00:30 +0000},
	Publisher = {National Bureau of Economic Research Cambridge, Mass., USA},
	Title = {Sample selection bias as a specification error (with an application to the estimation of labor supply functions)},
	Year = {1977}}

@book{lucas1989recursive,
	Author = {Lucas, RE and Stokey, NL},
	Date-Added = {2017-02-09 12:38:43 +0000},
	Date-Modified = {2017-02-09 12:38:51 +0000},
	Publisher = {Harvard University Press, Cambridge MA},
	Title = {Recursive Methods in Dynamic Economics},
	Year = {1989}}

@book{Ijungqvist,
	Author = {Ljungqvist, Lars and Sargent, Thomas J},
	Date-Added = {2017-02-09 12:38:21 +0000},
	Date-Modified = {2017-02-09 12:39:10 +0000},
	Publisher = {MIT press},
	Title = {Recursive macroeconomic theory},
	Year = {2012}}

@article{burdett1998wage,
	Author = {Burdett, Kenneth and Mortensen, Dale T},
	Date-Added = {2017-01-23 14:22:04 +0000},
	Date-Modified = {2017-01-23 14:22:04 +0000},
	Journal = {International Economic Review},
	Pages = {257--273},
	Publisher = {JSTOR},
	Title = {Wage differentials, employer size, and unemployment},
	Year = {1998},
	Bdsk-File-1 = {YnBsaXN0MDDUAQIDBAUGJCVYJHZlcnNpb25YJG9iamVjdHNZJGFyY2hpdmVyVCR0b3ASAAGGoKgHCBMUFRYaIVUkbnVsbNMJCgsMDxJXTlMua2V5c1pOUy5vYmplY3RzViRjbGFzc6INDoACgAOiEBGABIAFgAdccmVsYXRpdmVQYXRoWWFsaWFzRGF0YV8QJi4uLy4uLy4uLy4uLy4uL1BhcGVycy9CdXJkZXR0LzE5OTgucGRm0hcLGBlXTlMuZGF0YU8RAUgAAAAAAUgAAgAADE1hY2ludG9zaCBIRAAAAAAAAAAAAAAAAAAAAAAAAABCRAAB/////wgxOTk4LnBkZgAAAAAAAAAAAAAAAAAAAAAAAAAAAAAAAAAAAAAAAAAAAAAAAAAAAAAAAAAAAAAAAAAAAAAAAAD/////AAAAAAAAAAAAAAAAAAUAAwAACiBjdQAAAAAAAAAAAAAAAAAHQnVyZGV0dAAAAgAtLzpVc2Vyczo3NDA5NzpEcm9wYm94OlBhcGVyczpCdXJkZXR0OjE5OTgucGRmAAAOABIACAAxADkAOQA4AC4AcABkAGYADwAaAAwATQBhAGMAaQBuAHQAbwBzAGgAIABIAEQAEgArVXNlcnMvNzQwOTcvRHJvcGJveC9QYXBlcnMvQnVyZGV0dC8xOTk4LnBkZgAAEwABLwAAFQACAAz//wAAgAbSGxwdHlokY2xhc3NuYW1lWCRjbGFzc2VzXU5TTXV0YWJsZURhdGGjHR8gVk5TRGF0YVhOU09iamVjdNIbHCIjXE5TRGljdGlvbmFyeaIiIF8QD05TS2V5ZWRBcmNoaXZlctEmJ1Ryb290gAEACAARABoAIwAtADIANwBAAEYATQBVAGAAZwBqAGwAbgBxAHMAdQB3AIQAjgC3ALwAxAIQAhICFwIiAisCOQI9AkQCTQJSAl8CYgJ0AncCfAAAAAAAAAIBAAAAAAAAACgAAAAAAAAAAAAAAAAAAAJ+}}

@article{saez2012elasticity,
	Author = {Saez, Emmanuel and Slemrod, Joel and Giertz, Seth H},
	Date-Added = {2017-01-17 16:43:39 +0000},
	Date-Modified = {2017-01-17 16:43:39 +0000},
	Journal = {Journal of economic literature},
	Number = {1},
	Pages = {3--50},
	Publisher = {American Economic Association},
	Title = {The elasticity of taxable income with respect to marginal tax rates: A critical review},
	Volume = {50},
	Year = {2012},
	Bdsk-File-1 = {YnBsaXN0MDDUAQIDBAUGJCVYJHZlcnNpb25YJG9iamVjdHNZJGFyY2hpdmVyVCR0b3ASAAGGoKgHCBMUFRYaIVUkbnVsbNMJCgsMDxJXTlMua2V5c1pOUy5vYmplY3RzViRjbGFzc6INDoACgAOiEBGABIAFgAdccmVsYXRpdmVQYXRoWWFsaWFzRGF0YV8QIy4uLy4uLy4uLy4uLy4uL1BhcGVycy9TYWV6LzIwMTIucGRm0hcLGBlXTlMuZGF0YU8RATwAAAAAATwAAgAADE1hY2ludG9zaCBIRAAAAAAAAAAAAAAAAAAAAAAAAABCRAAB/////wgyMDEyLnBkZgAAAAAAAAAAAAAAAAAAAAAAAAAAAAAAAAAAAAAAAAAAAAAAAAAAAAAAAAAAAAAAAAAAAAAAAAD/////AAAAAAAAAAAAAAAAAAUAAwAACiBjdQAAAAAAAAAAAAAAAAAEU2FlegACACovOlVzZXJzOjc0MDk3OkRyb3Bib3g6UGFwZXJzOlNhZXo6MjAxMi5wZGYADgASAAgAMgAwADEAMgAuAHAAZABmAA8AGgAMAE0AYQBjAGkAbgB0AG8AcwBoACAASABEABIAKFVzZXJzLzc0MDk3L0Ryb3Bib3gvUGFwZXJzL1NhZXovMjAxMi5wZGYAEwABLwAAFQACAAz//wAAgAbSGxwdHlokY2xhc3NuYW1lWCRjbGFzc2VzXU5TTXV0YWJsZURhdGGjHR8gVk5TRGF0YVhOU09iamVjdNIbHCIjXE5TRGljdGlvbmFyeaIiIF8QD05TS2V5ZWRBcmNoaXZlctEmJ1Ryb290gAEACAARABoAIwAtADIANwBAAEYATQBVAGAAZwBqAGwAbgBxAHMAdQB3AIQAjgC0ALkAwQIBAgMCCAITAhwCKgIuAjUCPgJDAlACUwJlAmgCbQAAAAAAAAIBAAAAAAAAACgAAAAAAAAAAAAAAAAAAAJv}}

@article{davis1996employer,
	Author = {Davis, Steven J and Haltiwanger, John},
	Date-Added = {2017-01-16 10:39:07 +0000},
	Date-Modified = {2017-01-16 10:39:07 +0000},
	Journal = {Annales d'{\'E}conomie et de Statistique},
	Pages = {323--367},
	Publisher = {JSTOR},
	Title = {Employer Size and the Wage Structure in US Manufacturing},
	Year = {1996},
	Bdsk-File-1 = {YnBsaXN0MDDUAQIDBAUGJCVYJHZlcnNpb25YJG9iamVjdHNZJGFyY2hpdmVyVCR0b3ASAAGGoKgHCBMUFRYaIVUkbnVsbNMJCgsMDxJXTlMua2V5c1pOUy5vYmplY3RzViRjbGFzc6INDoACgAOiEBGABIAFgAdccmVsYXRpdmVQYXRoWWFsaWFzRGF0YV8QJC4uLy4uLy4uLy4uLy4uL1BhcGVycy9EYXZpcy8xOTk2LnBkZtIXCxgZV05TLmRhdGFPEQFCAAAAAAFCAAIAAAxNYWNpbnRvc2ggSEQAAAAAAAAAAAAAAAAAAAAAAAAAQkQAAf////8IMTk5Ni5wZGYAAAAAAAAAAAAAAAAAAAAAAAAAAAAAAAAAAAAAAAAAAAAAAAAAAAAAAAAAAAAAAAAAAAAAAAAA/////wAAAAAAAAAAAAAAAAAFAAMAAAogY3UAAAAAAAAAAAAAAAAABURhdmlzAAACACsvOlVzZXJzOjc0MDk3OkRyb3Bib3g6UGFwZXJzOkRhdmlzOjE5OTYucGRmAAAOABIACAAxADkAOQA2AC4AcABkAGYADwAaAAwATQBhAGMAaQBuAHQAbwBzAGgAIABIAEQAEgApVXNlcnMvNzQwOTcvRHJvcGJveC9QYXBlcnMvRGF2aXMvMTk5Ni5wZGYAABMAAS8AABUAAgAM//8AAIAG0hscHR5aJGNsYXNzbmFtZVgkY2xhc3Nlc11OU011dGFibGVEYXRhox0fIFZOU0RhdGFYTlNPYmplY3TSGxwiI1xOU0RpY3Rpb25hcnmiIiBfEA9OU0tleWVkQXJjaGl2ZXLRJidUcm9vdIABAAgAEQAaACMALQAyADcAQABGAE0AVQBgAGcAagBsAG4AcQBzAHUAdwCEAI4AtQC6AMICCAIKAg8CGgIjAjECNQI8AkUCSgJXAloCbAJvAnQAAAAAAAACAQAAAAAAAAAoAAAAAAAAAAAAAAAAAAACdg==}}

@article{oi1999firm,
	Author = {Oi, Walter Y and Idson, Todd L},
	Date-Added = {2017-01-15 14:44:37 +0000},
	Date-Modified = {2017-01-15 14:44:37 +0000},
	Journal = {Handbook of labor economics},
	Pages = {2165--2214},
	Publisher = {Elsevier},
	Title = {Firm size and wages},
	Volume = {3},
	Year = {1999}}

@book{mortensen2005wage,
	Author = {Mortensen, Dale T},
	Date-Added = {2017-01-13 22:34:50 +0000},
	Date-Modified = {2017-01-13 22:35:34 +0000},
	Journal = {MIT Press Books},
	Publisher = {The MIT Press},
	Title = {Wage Dispersion: Why Are Similar Workers Paid Differently?},
	Year = {2003}}

@article{ECTA:ECTA1462,
	Author = {Mian, Atif and Sufi, Amir},
	Date-Added = {2017-01-11 11:13:52 +0000},
	Date-Modified = {2017-01-11 11:13:52 +0000},
	Doi = {10.3982/ECTA10451},
	Issn = {1468-0262},
	Journal = {Econometrica},
	Keywords = {Great Recession , employment , household debt , new worth , house prices},
	Number = {6},
	Pages = {2197--2223},
	Publisher = {Blackwell Publishing Ltd},
	Title = {What Explains the 2007--2009 Drop in Employment?},
	Url = {http://dx.doi.org/10.3982/ECTA10451},
	Volume = {82},
	Year = {2014},
	Bdsk-File-1 = {YnBsaXN0MDDUAQIDBAUGJCVYJHZlcnNpb25YJG9iamVjdHNZJGFyY2hpdmVyVCR0b3ASAAGGoKgHCBMUFRYaIVUkbnVsbNMJCgsMDxJXTlMua2V5c1pOUy5vYmplY3RzViRjbGFzc6INDoACgAOiEBGABIAFgAdccmVsYXRpdmVQYXRoWWFsaWFzRGF0YV8QIy4uLy4uLy4uLy4uLy4uL1BhcGVycy9NaWFuLzIwMTQucGRm0hcLGBlXTlMuZGF0YU8RATwAAAAAATwAAgAADE1hY2ludG9zaCBIRAAAAAAAAAAAAAAAAAAAAAAAAABCRAAB/////wgyMDE0LnBkZgAAAAAAAAAAAAAAAAAAAAAAAAAAAAAAAAAAAAAAAAAAAAAAAAAAAAAAAAAAAAAAAAAAAAAAAAD/////AAAAAFBERiAAAAAAAAUAAwAACiBjdQAAAAAAAAAAAAAAAAAETWlhbgACACovOlVzZXJzOjc0MDk3OkRyb3Bib3g6UGFwZXJzOk1pYW46MjAxNC5wZGYADgASAAgAMgAwADEANAAuAHAAZABmAA8AGgAMAE0AYQBjAGkAbgB0AG8AcwBoACAASABEABIAKFVzZXJzLzc0MDk3L0Ryb3Bib3gvUGFwZXJzL01pYW4vMjAxNC5wZGYAEwABLwAAFQACAAz//wAAgAbSGxwdHlokY2xhc3NuYW1lWCRjbGFzc2VzXU5TTXV0YWJsZURhdGGjHR8gVk5TRGF0YVhOU09iamVjdNIbHCIjXE5TRGljdGlvbmFyeaIiIF8QD05TS2V5ZWRBcmNoaXZlctEmJ1Ryb290gAEACAARABoAIwAtADIANwBAAEYATQBVAGAAZwBqAGwAbgBxAHMAdQB3AIQAjgC0ALkAwQIBAgMCCAITAhwCKgIuAjUCPgJDAlACUwJlAmgCbQAAAAAAAAIBAAAAAAAAACgAAAAAAAAAAAAAAAAAAAJv},
	Bdsk-Url-1 = {http://dx.doi.org/10.3982/ECTA10451}}

@article{rust-bus,
	Abstract = {This paper formulates a simple regenerative optimal stopping model of bus engine replacement to describe the behavior of Harold Zurcher, superintendent of maintenance at the Madison (Wisconsin) Metropolitan Bus Company. The null hypothesis is that Zurcher's decisions on bus engine replacement coincide with an optimal stopping rule: a strategy which specifies whether or not to replace the current bus engine each period as a function of observed and unobserved state variables. The optimal stopping rule is the solution to a stochastic dynamic programming problem that formalizes the trade-off between the conflicting objectives of minimizing maintenance costs versus minimizing unexpected engine failures. The model depends on unknown "primitive parameters" which specify Zurcher's expectations of the future values of the state variables, the expected costs of regular bus maintenance, and his perceptions of the customer goodwill costs of unexpected failures. Using ten years of monthly data on bus mileage and engine replacements for a subsample of 104 buses in the company fleet, I estimate these primitive parameters and test whether Zurcher's behavior is consistent with the model. Admittedly, few people are likely to take particular interest in Harold Zurcher and bus engine replacement per se. I focus on a specific individual and capital good because it provides a simple, concrete framework to illustrate two ideas: (i) a "bottom-up" approach for modelling replacement investment, and (ii) a "nested fixed point" algorithm for estimating dynamic programming models of discrete choice.},
	Author = {Rust, John},
	Copyright = {Copyright {\^A}{\copyright} 1987 The Econometric Society},
	Date-Added = {2017-01-10 09:45:53 +0000},
	Date-Modified = {2017-01-10 09:45:53 +0000},
	Issn = {00129682},
	Journal = {Econometrica},
	Jstor_Articletype = {primary_article},
	Jstor_Formatteddate = {Sep., 1987},
	Keywords = {discrete choice,computational,econometrics},
	Number = {5},
	Pages = {999--1033},
	Publisher = {The Econometric Society},
	Title = {Optimal Replacement of GMC Bus Engines: An Empirical Model of Harold Zurcher},
	Url = {http://www.jstor.org/stable/1911259},
	Volume = {55},
	Year = {1987},
	Bdsk-File-1 = {YnBsaXN0MDDUAQIDBAUGJCVYJHZlcnNpb25YJG9iamVjdHNZJGFyY2hpdmVyVCR0b3ASAAGGoKgHCBMUFRYaIVUkbnVsbNMJCgsMDxJXTlMua2V5c1pOUy5vYmplY3RzViRjbGFzc6INDoACgAOiEBGABIAFgAdccmVsYXRpdmVQYXRoWWFsaWFzRGF0YV8QWS4uLy4uLy4uLy4uLy4uL1BhcGVycy9SdXN0L09wdGltYWwgUmVwbGFjZW1lbnQgb2YgR01DIEJ1cyBFbmdpbmVzIEFuIEVtcGlyaWNhbCBNb2RlbDAucGRm0hcLGBlXTlMuZGF0YU8RAhQAAAAAAhQAAgAADE1hY2ludG9zaCBIRAAAAAAAAAAAAAAAAAAAAAAAAABCRAAB/////x9PcHRpbWFsIFJlcGxhY2VtZW4jRkZGRkZGRkYucGRmAAAAAAAAAAAAAAAAAAAAAAAAAAAAAAAAAAAAAAAAAAD/////AAAAAAAAAAAAAAAAAAUAAwAACiBjdQAAAAAAAAAAAAAAAAAEUnVzdAACAGAvOlVzZXJzOjc0MDk3OkRyb3Bib3g6UGFwZXJzOlJ1c3Q6T3B0aW1hbCBSZXBsYWNlbWVudCBvZiBHTUMgQnVzIEVuZ2luZXMgQW4gRW1waXJpY2FsIE1vZGVsMC5wZGYADgB+AD4ATwBwAHQAaQBtAGEAbAAgAFIAZQBwAGwAYQBjAGUAbQBlAG4AdAAgAG8AZgAgAEcATQBDACAAQgB1AHMAIABFAG4AZwBpAG4AZQBzACAAQQBuACAARQBtAHAAaQByAGkAYwBhAGwAIABNAG8AZABlAGwAMAAuAHAAZABmAA8AGgAMAE0AYQBjAGkAbgB0AG8AcwBoACAASABEABIAXlVzZXJzLzc0MDk3L0Ryb3Bib3gvUGFwZXJzL1J1c3QvT3B0aW1hbCBSZXBsYWNlbWVudCBvZiBHTUMgQnVzIEVuZ2luZXMgQW4gRW1waXJpY2FsIE1vZGVsMC5wZGYAEwABLwAAFQACAAz//wAAgAbSGxwdHlokY2xhc3NuYW1lWCRjbGFzc2VzXU5TTXV0YWJsZURhdGGjHR8gVk5TRGF0YVhOU09iamVjdNIbHCIjXE5TRGljdGlvbmFyeaIiIF8QD05TS2V5ZWRBcmNoaXZlctEmJ1Ryb290gAEACAARABoAIwAtADIANwBAAEYATQBVAGAAZwBqAGwAbgBxAHMAdQB3AIQAjgDqAO8A9wMPAxEDFgMhAyoDOAM8A0MDTANRA14DYQNzA3YDewAAAAAAAAIBAAAAAAAAACgAAAAAAAAAAAAAAAAAAAN9},
	Bdsk-Url-1 = {http://www.jstor.org/stable/1911259}}

@book{adda2003dynamic,
	Author = {Adda, Jerome and Cooper, Russell W},
	Date-Added = {2017-01-10 09:45:40 +0000},
	Date-Modified = {2017-01-10 09:45:40 +0000},
	Publisher = {MIT press},
	Title = {Dynamic economics: quantitative methods and applications},
	Year = {2003}}

@article{Aguirregabiria201038,
	Author = {Victor Aguirregabiria and Pedro Mira},
	Date-Added = {2017-01-10 09:44:11 +0000},
	Date-Modified = {2017-01-10 09:44:11 +0000},
	Doi = {DOI: 10.1016/j.jeconom.2009.09.007},
	Issn = {0304-4076},
	Journal = {Journal of Econometrics},
	Keywords = {computational, survey, econometrics, Estimation methods},
	Note = {Structural Models of Optimization Behavior in Labor, Aging, and Health},
	Number = {1},
	Pages = {38 - 67},
	Title = {Dynamic discrete choice structural models: A survey},
	Url = {http://www.sciencedirect.com/science/article/B6VC0-4X7R85S-3/2/b78d013f2b1f3dbce3f2325f0c41d4e4},
	Volume = {156},
	Year = {2010},
	Bdsk-File-1 = {YnBsaXN0MDDUAQIDBAUGJCVYJHZlcnNpb25YJG9iamVjdHNZJGFyY2hpdmVyVCR0b3ASAAGGoKgHCBMUFRYaIVUkbnVsbNMJCgsMDxJXTlMua2V5c1pOUy5vYmplY3RzViRjbGFzc6INDoACgAOiEBGABIAFgAdccmVsYXRpdmVQYXRoWWFsaWFzRGF0YV8QUi4uLy4uLy4uLy4uLy4uL1BhcGVycy9BZ3VpcnJlZ2FiaXJpYS9EeW5hbWljIGRpc2NyZXRlIGNob2ljZSBzdHJ1Y3R1cmFsIG1vZGVscy5wZGbSFwsYGVdOUy5kYXRhTxEB8AAAAAAB8AACAAAMTWFjaW50b3NoIEhEAAAAAAAAAAAAAAAAAAAAAAAAAEJEAAH/////H0R5bmFtaWMgZGlzY3JldGUgYyNGRkZGRkZGRi5wZGYAAAAAAAAAAAAAAAAAAAAAAAAAAAAAAAAAAAAAAAAAAP////8AAAAAUERGIAAAAAAABQADAAAKIGN1AAAAAAAAAAAAAAAAAA5BZ3VpcnJlZ2FiaXJpYQACAFkvOlVzZXJzOjc0MDk3OkRyb3Bib3g6UGFwZXJzOkFndWlycmVnYWJpcmlhOkR5bmFtaWMgZGlzY3JldGUgY2hvaWNlIHN0cnVjdHVyYWwgbW9kZWxzLnBkZgAADgBcAC0ARAB5AG4AYQBtAGkAYwAgAGQAaQBzAGMAcgBlAHQAZQAgAGMAaABvAGkAYwBlACAAcwB0AHIAdQBjAHQAdQByAGEAbAAgAG0AbwBkAGUAbABzAC4AcABkAGYADwAaAAwATQBhAGMAaQBuAHQAbwBzAGgAIABIAEQAEgBXVXNlcnMvNzQwOTcvRHJvcGJveC9QYXBlcnMvQWd1aXJyZWdhYmlyaWEvRHluYW1pYyBkaXNjcmV0ZSBjaG9pY2Ugc3RydWN0dXJhbCBtb2RlbHMucGRmAAATAAEvAAAVAAIADP//AACABtIbHB0eWiRjbGFzc25hbWVYJGNsYXNzZXNdTlNNdXRhYmxlRGF0YaMdHyBWTlNEYXRhWE5TT2JqZWN00hscIiNcTlNEaWN0aW9uYXJ5oiIgXxAPTlNLZXllZEFyY2hpdmVy0SYnVHJvb3SAAQAIABEAGgAjAC0AMgA3AEAARgBNAFUAYABnAGoAbABuAHEAcwB1AHcAhACOAOMA6ADwAuQC5gLrAvYC/wMNAxEDGAMhAyYDMwM2A0gDSwNQAAAAAAAAAgEAAAAAAAAAKAAAAAAAAAAAAAAAAAAAA1I=},
	Bdsk-Url-1 = {http://www.sciencedirect.com/science/article/B6VC0-4X7R85S-3/2/b78d013f2b1f3dbce3f2325f0c41d4e4},
	Bdsk-Url-2 = {http://dx.doi.org/10.1016/j.jeconom.2009.09.007}}

@techreport{stroebel2014house,
	Author = {Stroebel, Johannes and Vavra, Joseph},
	Date-Added = {2017-01-09 14:30:52 +0000},
	Date-Modified = {2017-01-09 14:30:52 +0000},
	Institution = {National Bureau of Economic Research},
	Title = {House prices, local demand, and retail prices},
	Year = {2014},
	Bdsk-File-1 = {YnBsaXN0MDDUAQIDBAUGJCVYJHZlcnNpb25YJG9iamVjdHNZJGFyY2hpdmVyVCR0b3ASAAGGoKgHCBMUFRYaIVUkbnVsbNMJCgsMDxJXTlMua2V5c1pOUy5vYmplY3RzViRjbGFzc6INDoACgAOiEBGABIAFgAdccmVsYXRpdmVQYXRoWWFsaWFzRGF0YV8QJy4uLy4uLy4uLy4uLy4uL1BhcGVycy9TdHJvZWJlbC8yMDE0LnBkZtIXCxgZV05TLmRhdGFPEQFIAAAAAAFIAAIAAAxNYWNpbnRvc2ggSEQAAAAAAAAAAAAAAAAAAAAAAAAAQkQAAf////8IMjAxNC5wZGYAAAAAAAAAAAAAAAAAAAAAAAAAAAAAAAAAAAAAAAAAAAAAAAAAAAAAAAAAAAAAAAAAAAAAAAAA/////wAAAAAAAAAAAAAAAAAFAAMAAAogY3UAAAAAAAAAAAAAAAAACFN0cm9lYmVsAAIALi86VXNlcnM6NzQwOTc6RHJvcGJveDpQYXBlcnM6U3Ryb2ViZWw6MjAxNC5wZGYADgASAAgAMgAwADEANAAuAHAAZABmAA8AGgAMAE0AYQBjAGkAbgB0AG8AcwBoACAASABEABIALFVzZXJzLzc0MDk3L0Ryb3Bib3gvUGFwZXJzL1N0cm9lYmVsLzIwMTQucGRmABMAAS8AABUAAgAM//8AAIAG0hscHR5aJGNsYXNzbmFtZVgkY2xhc3Nlc11OU011dGFibGVEYXRhox0fIFZOU0RhdGFYTlNPYmplY3TSGxwiI1xOU0RpY3Rpb25hcnmiIiBfEA9OU0tleWVkQXJjaGl2ZXLRJidUcm9vdIABAAgAEQAaACMALQAyADcAQABGAE0AVQBgAGcAagBsAG4AcQBzAHUAdwCEAI4AuAC9AMUCEQITAhgCIwIsAjoCPgJFAk4CUwJgAmMCdQJ4An0AAAAAAAACAQAAAAAAAAAoAAAAAAAAAAAAAAAAAAACfw==}}

@techreport{berger2015house,
	Author = {Berger, David and Guerrieri, Veronica and Lorenzoni, Guido and Vavra, Joseph},
	Date-Added = {2017-01-09 14:29:54 +0000},
	Date-Modified = {2017-01-09 14:29:54 +0000},
	Institution = {National Bureau of Economic Research},
	Title = {House prices and consumer spending},
	Year = {2015},
	Bdsk-File-1 = {YnBsaXN0MDDUAQIDBAUGJCVYJHZlcnNpb25YJG9iamVjdHNZJGFyY2hpdmVyVCR0b3ASAAGGoKgHCBMUFRYaIVUkbnVsbNMJCgsMDxJXTlMua2V5c1pOUy5vYmplY3RzViRjbGFzc6INDoACgAOiEBGABIAFgAdccmVsYXRpdmVQYXRoWWFsaWFzRGF0YV8QJS4uLy4uLy4uLy4uLy4uL1BhcGVycy9CZXJnZXIvMjAxNS5wZGbSFwsYGVdOUy5kYXRhTxEBQgAAAAABQgACAAAMTWFjaW50b3NoIEhEAAAAAAAAAAAAAAAAAAAAAAAAAEJEAAH/////CDIwMTUucGRmAAAAAAAAAAAAAAAAAAAAAAAAAAAAAAAAAAAAAAAAAAAAAAAAAAAAAAAAAAAAAAAAAAAAAAAAAP////8AAAAAAAAAAAAAAAAABQADAAAKIGN1AAAAAAAAAAAAAAAAAAZCZXJnZXIAAgAsLzpVc2Vyczo3NDA5NzpEcm9wYm94OlBhcGVyczpCZXJnZXI6MjAxNS5wZGYADgASAAgAMgAwADEANQAuAHAAZABmAA8AGgAMAE0AYQBjAGkAbgB0AG8AcwBoACAASABEABIAKlVzZXJzLzc0MDk3L0Ryb3Bib3gvUGFwZXJzL0Jlcmdlci8yMDE1LnBkZgATAAEvAAAVAAIADP//AACABtIbHB0eWiRjbGFzc25hbWVYJGNsYXNzZXNdTlNNdXRhYmxlRGF0YaMdHyBWTlNEYXRhWE5TT2JqZWN00hscIiNcTlNEaWN0aW9uYXJ5oiIgXxAPTlNLZXllZEFyY2hpdmVy0SYnVHJvb3SAAQAIABEAGgAjAC0AMgA3AEAARgBNAFUAYABnAGoAbABuAHEAcwB1AHcAhACOALYAuwDDAgkCCwIQAhsCJAIyAjYCPQJGAksCWAJbAm0CcAJ1AAAAAAAAAgEAAAAAAAAAKAAAAAAAAAAAAAAAAAAAAnc=}}

@techreport{charles2015housing,
	Author = {Charles, Kerwin Kofi and Hurst, Erik and Notowidigdo, Matthew J},
	Date-Added = {2017-01-09 14:22:07 +0000},
	Date-Modified = {2017-01-09 14:22:07 +0000},
	Institution = {National Bureau of Economic Research},
	Title = {Housing booms and busts, labor market opportunities, and college attendance},
	Year = {2015},
	Bdsk-File-1 = {YnBsaXN0MDDUAQIDBAUGJCVYJHZlcnNpb25YJG9iamVjdHNZJGFyY2hpdmVyVCR0b3ASAAGGoKgHCBMUFRYaIVUkbnVsbNMJCgsMDxJXTlMua2V5c1pOUy5vYmplY3RzViRjbGFzc6INDoACgAOiEBGABIAFgAdccmVsYXRpdmVQYXRoWWFsaWFzRGF0YV8QJi4uLy4uLy4uLy4uLy4uL1BhcGVycy9DaGFybGVzLzIwMTUucGRm0hcLGBlXTlMuZGF0YU8RAUgAAAAAAUgAAgAADE1hY2ludG9zaCBIRAAAAAAAAAAAAAAAAAAAAAAAAABCRAAB/////wgyMDE1LnBkZgAAAAAAAAAAAAAAAAAAAAAAAAAAAAAAAAAAAAAAAAAAAAAAAAAAAAAAAAAAAAAAAAAAAAAAAAD/////AAAAAAAAAAAAAAAAAAUAAwAACiBjdQAAAAAAAAAAAAAAAAAHQ2hhcmxlcwAAAgAtLzpVc2Vyczo3NDA5NzpEcm9wYm94OlBhcGVyczpDaGFybGVzOjIwMTUucGRmAAAOABIACAAyADAAMQA1AC4AcABkAGYADwAaAAwATQBhAGMAaQBuAHQAbwBzAGgAIABIAEQAEgArVXNlcnMvNzQwOTcvRHJvcGJveC9QYXBlcnMvQ2hhcmxlcy8yMDE1LnBkZgAAEwABLwAAFQACAAz//wAAgAbSGxwdHlokY2xhc3NuYW1lWCRjbGFzc2VzXU5TTXV0YWJsZURhdGGjHR8gVk5TRGF0YVhOU09iamVjdNIbHCIjXE5TRGljdGlvbmFyeaIiIF8QD05TS2V5ZWRBcmNoaXZlctEmJ1Ryb290gAEACAARABoAIwAtADIANwBAAEYATQBVAGAAZwBqAGwAbgBxAHMAdQB3AIQAjgC3ALwAxAIQAhICFwIiAisCOQI9AkQCTQJSAl8CYgJ0AncCfAAAAAAAAAIBAAAAAAAAACgAAAAAAAAAAAAAAAAAAAJ+}}

@article{blundell1999labor,
	Author = {Blundell, R. and MaCurdy, T.},
	Date-Added = {2016-12-09 15:23:04 +0000},
	Date-Modified = {2016-12-09 15:23:04 +0000},
	Issn = {1573-4463},
	Journal = {Handbook of labor economics},
	Keywords = {labour economics, policy evaluation},
	Pages = {1559--1695},
	Publisher = {Elsevier},
	Title = {{Labor supply: A review of alternative approaches}},
	Volume = {3},
	Year = {1999},
	Bdsk-File-1 = {YnBsaXN0MDDUAQIDBAUGJCVYJHZlcnNpb25YJG9iamVjdHNZJGFyY2hpdmVyVCR0b3ASAAGGoKgHCBMUFRYaIVUkbnVsbNMJCgsMDxJXTlMua2V5c1pOUy5vYmplY3RzViRjbGFzc6INDoACgAOiEBGABIAFgAdccmVsYXRpdmVQYXRoWWFsaWFzRGF0YV8QUi4uLy4uLy4uLy4uLy4uL1BhcGVycy9CbHVuZGVsbC9MYWJvciBzdXBwbHkgQSByZXZpZXcgb2YgYWx0ZXJuYXRpdmUgYXBwcm9hY2hlcy5wZGbSFwsYGVdOUy5kYXRhTxEB9gAAAAAB9gACAAAMTWFjaW50b3NoIEhEAAAAAAAAAAAAAAAAAAAAAAAAAEJEAAH/////H0xhYm9yIHN1cHBseSBBIHJldiNGRkZGRkZGRi5wZGYAAAAAAAAAAAAAAAAAAAAAAAAAAAAAAAAAAAAAAAAAAP////8AAAAAUERGIAAAAAAABQADAAAKIGN1AAAAAAAAAAAAAAAAAAhCbHVuZGVsbAACAFkvOlVzZXJzOjc0MDk3OkRyb3Bib3g6UGFwZXJzOkJsdW5kZWxsOkxhYm9yIHN1cHBseSBBIHJldmlldyBvZiBhbHRlcm5hdGl2ZSBhcHByb2FjaGVzLnBkZgAADgBoADMATABhAGIAbwByACAAcwB1AHAAcABsAHkAIABBACAAcgBlAHYAaQBlAHcAIABvAGYAIABhAGwAdABlAHIAbgBhAHQAaQB2AGUAIABhAHAAcAByAG8AYQBjAGgAZQBzAC4AcABkAGYADwAaAAwATQBhAGMAaQBuAHQAbwBzAGgAIABIAEQAEgBXVXNlcnMvNzQwOTcvRHJvcGJveC9QYXBlcnMvQmx1bmRlbGwvTGFib3Igc3VwcGx5IEEgcmV2aWV3IG9mIGFsdGVybmF0aXZlIGFwcHJvYWNoZXMucGRmAAATAAEvAAAVAAIADP//AACABtIbHB0eWiRjbGFzc25hbWVYJGNsYXNzZXNdTlNNdXRhYmxlRGF0YaMdHyBWTlNEYXRhWE5TT2JqZWN00hscIiNcTlNEaWN0aW9uYXJ5oiIgXxAPTlNLZXllZEFyY2hpdmVy0SYnVHJvb3SAAQAIABEAGgAjAC0AMgA3AEAARgBNAFUAYABnAGoAbABuAHEAcwB1AHcAhACOAOMA6ADwAuoC7ALxAvwDBQMTAxcDHgMnAywDOQM8A04DUQNWAAAAAAAAAgEAAAAAAAAAKAAAAAAAAAAAAAAAAAAAA1g=}}

@article{oswald-mig,
	Author = {Oswald, Florian},
	Date-Added = {2016-12-09 14:55:16 +0000},
	Date-Modified = {2016-12-09 15:46:32 +0000},
	Journal = {mimeo},
	Title = {Regional Shocks, Migration and Homeownership},
	Url = {https://dl.dropboxusercontent.com/u/109115/website/oswald_jmp.pdf},
	Year = {2016},
	Bdsk-Url-1 = {https://dl.dropboxusercontent.com/u/109115/website/oswald_jmp.pdf}}

@article{oswald-bk,
	Author = {Meghir, C. and Li, Wenli and Oswald, Florian},
	Date-Added = {2016-12-09 14:54:06 +0000},
	Date-Modified = {2016-12-09 15:46:13 +0000},
	Journal = {mimeo},
	Title = {{Consumer Bankruptcy and Mortgage Default}},
	Url = {https://dl.dropboxusercontent.com/u/109115/website/bankruptcy.pdf},
	Year = {2016},
	Bdsk-Url-1 = {https://dl.dropboxusercontent.com/u/109115/website/bankruptcy.pdf}}

@article{blundell2016consumption,
	Author = {Blundell, Richard and Pistaferri, Luigi and Saporta-Eksten, Itay},
	Date-Added = {2016-12-09 14:50:53 +0000},
	Date-Modified = {2016-12-09 14:50:53 +0000},
	Journal = {The American Economic Review},
	Number = {2},
	Pages = {387--435},
	Publisher = {American Economic Association},
	Title = {Consumption inequality and family labor supply},
	Volume = {106},
	Year = {2016},
	Bdsk-File-1 = {YnBsaXN0MDDUAQIDBAUGJCVYJHZlcnNpb25YJG9iamVjdHNZJGFyY2hpdmVyVCR0b3ASAAGGoKgHCBMUFRYaIVUkbnVsbNMJCgsMDxJXTlMua2V5c1pOUy5vYmplY3RzViRjbGFzc6INDoACgAOiEBGABIAFgAdccmVsYXRpdmVQYXRoWWFsaWFzRGF0YV8QJy4uLy4uLy4uLy4uLy4uL1BhcGVycy9CbHVuZGVsbC8yMDE2LnBkZtIXCxgZV05TLmRhdGFPEQFIAAAAAAFIAAIAAAxNYWNpbnRvc2ggSEQAAAAAAAAAAAAAAAAAAAAAAAAAQkQAAf////8IMjAxNi5wZGYAAAAAAAAAAAAAAAAAAAAAAAAAAAAAAAAAAAAAAAAAAAAAAAAAAAAAAAAAAAAAAAAAAAAAAAAA/////wAAAAAAAAAAAAAAAAAFAAMAAAogY3UAAAAAAAAAAAAAAAAACEJsdW5kZWxsAAIALi86VXNlcnM6NzQwOTc6RHJvcGJveDpQYXBlcnM6Qmx1bmRlbGw6MjAxNi5wZGYADgASAAgAMgAwADEANgAuAHAAZABmAA8AGgAMAE0AYQBjAGkAbgB0AG8AcwBoACAASABEABIALFVzZXJzLzc0MDk3L0Ryb3Bib3gvUGFwZXJzL0JsdW5kZWxsLzIwMTYucGRmABMAAS8AABUAAgAM//8AAIAG0hscHR5aJGNsYXNzbmFtZVgkY2xhc3Nlc11OU011dGFibGVEYXRhox0fIFZOU0RhdGFYTlNPYmplY3TSGxwiI1xOU0RpY3Rpb25hcnmiIiBfEA9OU0tleWVkQXJjaGl2ZXLRJidUcm9vdIABAAgAEQAaACMALQAyADcAQABGAE0AVQBgAGcAagBsAG4AcQBzAHUAdwCEAI4AuAC9AMUCEQITAhgCIwIsAjoCPgJFAk4CUwJgAmMCdQJ4An0AAAAAAAACAQAAAAAAAAAoAAAAAAAAAAAAAAAAAAACfw==}}

@book{cahuc2014labor,
	Author = {Cahuc, Pierre and Carcillo, St{\'e}phane and Zylberberg, Andr{\'e} and McCuaig, William},
	Date-Added = {2016-12-09 14:22:21 +0000},
	Date-Modified = {2016-12-09 14:22:21 +0000},
	Publisher = {MIT press},
	Title = {Labor economics},
	Year = {2014}}

@article{dix2014trade,
	Author = {Dix-Carneiro, Rafael},
	Date-Added = {2016-12-09 14:21:18 +0000},
	Date-Modified = {2016-12-09 14:21:18 +0000},
	Journal = {Econometrica},
	Number = {3},
	Pages = {825--885},
	Publisher = {Wiley Online Library},
	Title = {Trade liberalization and labor market dynamics},
	Volume = {82},
	Year = {2014},
	Bdsk-File-1 = {YnBsaXN0MDDUAQIDBAUGJCVYJHZlcnNpb25YJG9iamVjdHNZJGFyY2hpdmVyVCR0b3ASAAGGoKgHCBMUFRYaIVUkbnVsbNMJCgsMDxJXTlMua2V5c1pOUy5vYmplY3RzViRjbGFzc6INDoACgAOiEBGABIAFgAdccmVsYXRpdmVQYXRoWWFsaWFzRGF0YV8QKy4uLy4uLy4uLy4uLy4uL1BhcGVycy9EaXgtQ2FybmVpcm8vMjAxNC5wZGbSFwsYGVdOUy5kYXRhTxEBVAAAAAABVAACAAAMTWFjaW50b3NoIEhEAAAAAAAAAAAAAAAAAAAAAAAAAEJEAAH/////CDIwMTQucGRmAAAAAAAAAAAAAAAAAAAAAAAAAAAAAAAAAAAAAAAAAAAAAAAAAAAAAAAAAAAAAAAAAAAAAAAAAP////8AAAAAAAAAAAAAAAAABQADAAAKIGN1AAAAAAAAAAAAAAAAAAxEaXgtQ2FybmVpcm8AAgAyLzpVc2Vyczo3NDA5NzpEcm9wYm94OlBhcGVyczpEaXgtQ2FybmVpcm86MjAxNC5wZGYADgASAAgAMgAwADEANAAuAHAAZABmAA8AGgAMAE0AYQBjAGkAbgB0AG8AcwBoACAASABEABIAMFVzZXJzLzc0MDk3L0Ryb3Bib3gvUGFwZXJzL0RpeC1DYXJuZWlyby8yMDE0LnBkZgATAAEvAAAVAAIADP//AACABtIbHB0eWiRjbGFzc25hbWVYJGNsYXNzZXNdTlNNdXRhYmxlRGF0YaMdHyBWTlNEYXRhWE5TT2JqZWN00hscIiNcTlNEaWN0aW9uYXJ5oiIgXxAPTlNLZXllZEFyY2hpdmVy0SYnVHJvb3SAAQAIABEAGgAjAC0AMgA3AEAARgBNAFUAYABnAGoAbABuAHEAcwB1AHcAhACOALwAwQDJAiECIwIoAjMCPAJKAk4CVQJeAmMCcAJzAoUCiAKNAAAAAAAAAgEAAAAAAAAAKAAAAAAAAAAAAAAAAAAAAo8=},
	Bdsk-File-2 = {YnBsaXN0MDDUAQIDBAUGJCVYJHZlcnNpb25YJG9iamVjdHNZJGFyY2hpdmVyVCR0b3ASAAGGoKgHCBMUFRYaIVUkbnVsbNMJCgsMDxJXTlMua2V5c1pOUy5vYmplY3RzViRjbGFzc6INDoACgAOiEBGABIAFgAdccmVsYXRpdmVQYXRoWWFsaWFzRGF0YV8QLC4uLy4uLy4uLy4uLy4uL1BhcGVycy9EaXgtQ2FybmVpcm8vMjAxNGEucGRm0hcLGBlXTlMuZGF0YU8RAVoAAAAAAVoAAgAADE1hY2ludG9zaCBIRAAAAAAAAAAAAAAAAAAAAAAAAABCRAAB/////wkyMDE0YS5wZGYAAAAAAAAAAAAAAAAAAAAAAAAAAAAAAAAAAAAAAAAAAAAAAAAAAAAAAAAAAAAAAAAAAAAAAAD/////AAAAAAAAAAAAAAAAAAUAAwAACiBjdQAAAAAAAAAAAAAAAAAMRGl4LUNhcm5laXJvAAIAMy86VXNlcnM6NzQwOTc6RHJvcGJveDpQYXBlcnM6RGl4LUNhcm5laXJvOjIwMTRhLnBkZgAADgAUAAkAMgAwADEANABhAC4AcABkAGYADwAaAAwATQBhAGMAaQBuAHQAbwBzAGgAIABIAEQAEgAxVXNlcnMvNzQwOTcvRHJvcGJveC9QYXBlcnMvRGl4LUNhcm5laXJvLzIwMTRhLnBkZgAAEwABLwAAFQACAAz//wAAgAbSGxwdHlokY2xhc3NuYW1lWCRjbGFzc2VzXU5TTXV0YWJsZURhdGGjHR8gVk5TRGF0YVhOU09iamVjdNIbHCIjXE5TRGljdGlvbmFyeaIiIF8QD05TS2V5ZWRBcmNoaXZlctEmJ1Ryb290gAEACAARABoAIwAtADIANwBAAEYATQBVAGAAZwBqAGwAbgBxAHMAdQB3AIQAjgC9AMIAygIoAioCLwI6AkMCUQJVAlwCZQJqAncCegKMAo8ClAAAAAAAAAIBAAAAAAAAACgAAAAAAAAAAAAAAAAAAAKW},
	Bdsk-File-3 = {YnBsaXN0MDDUAQIDBAUGJCVYJHZlcnNpb25YJG9iamVjdHNZJGFyY2hpdmVyVCR0b3ASAAGGoKgHCBMUFRYaIVUkbnVsbNMJCgsMDxJXTlMua2V5c1pOUy5vYmplY3RzViRjbGFzc6INDoACgAOiEBGABIAFgAdccmVsYXRpdmVQYXRoWWFsaWFzRGF0YV8QJy4uLy4uLy4uLy4uLy4uL1BhcGVycy9EaXgtQ2FybmVpcm8vMjAxNNIXCxgZV05TLmRhdGFPEQFGAAAAAAFGAAIAAQxNYWNpbnRvc2ggSEQAAAAAAAAAAAAAAAAAAAAAAAAAQkQAAf////8EMjAxNAAAAAAAAAAAAAAAAAAAAAAAAAAAAAAAAAAAAAAAAAAAAAAAAAAAAAAAAAAAAAAAAAAAAAAAAAAAAAAA/////wAAAAAAAAAAAAAAAAAFAAMAAAogY3UAAAAAAAAAAAAAAAAADERpeC1DYXJuZWlybwACAC8vOlVzZXJzOjc0MDk3OkRyb3Bib3g6UGFwZXJzOkRpeC1DYXJuZWlybzoyMDE0LwAADgAKAAQAMgAwADEANAAPABoADABNAGEAYwBpAG4AdABvAHMAaAAgAEgARAASACxVc2Vycy83NDA5Ny9Ecm9wYm94L1BhcGVycy9EaXgtQ2FybmVpcm8vMjAxNAATAAEvAAAVAAIADP//AACABtIbHB0eWiRjbGFzc25hbWVYJGNsYXNzZXNdTlNNdXRhYmxlRGF0YaMdHyBWTlNEYXRhWE5TT2JqZWN00hscIiNcTlNEaWN0aW9uYXJ5oiIgXxAPTlNLZXllZEFyY2hpdmVy0SYnVHJvb3SAAQAIABEAGgAjAC0AMgA3AEAARgBNAFUAYABnAGoAbABuAHEAcwB1AHcAhACOALgAvQDFAg8CEQIWAiECKgI4AjwCQwJMAlECXgJhAnMCdgJ7AAAAAAAAAgEAAAAAAAAAKAAAAAAAAAAAAAAAAAAAAn0=}}

@article{card1990impact,
	Author = {Card, David},
	Date-Added = {2016-12-09 14:20:03 +0000},
	Date-Modified = {2016-12-09 14:20:03 +0000},
	Journal = {Industrial \& Labor Relations Review},
	Number = {2},
	Pages = {245--257},
	Publisher = {SAGE Publications},
	Title = {The impact of the Mariel boatlift on the Miami labor market},
	Volume = {43},
	Year = {1990},
	Bdsk-File-1 = {YnBsaXN0MDDUAQIDBAUGJCVYJHZlcnNpb25YJG9iamVjdHNZJGFyY2hpdmVyVCR0b3ASAAGGoKgHCBMUFRYaIVUkbnVsbNMJCgsMDxJXTlMua2V5c1pOUy5vYmplY3RzViRjbGFzc6INDoACgAOiEBGABIAFgAdccmVsYXRpdmVQYXRoWWFsaWFzRGF0YV8QIy4uLy4uLy4uLy4uLy4uL1BhcGVycy9DYXJkLzE5OTAucGRm0hcLGBlXTlMuZGF0YU8RATwAAAAAATwAAgAADE1hY2ludG9zaCBIRAAAAAAAAAAAAAAAAAAAAAAAAABCRAAB/////wgxOTkwLnBkZgAAAAAAAAAAAAAAAAAAAAAAAAAAAAAAAAAAAAAAAAAAAAAAAAAAAAAAAAAAAAAAAAAAAAAAAAD/////AAAAAAAAAAAAAAAAAAUAAwAACiBjdQAAAAAAAAAAAAAAAAAEQ2FyZAACACovOlVzZXJzOjc0MDk3OkRyb3Bib3g6UGFwZXJzOkNhcmQ6MTk5MC5wZGYADgASAAgAMQA5ADkAMAAuAHAAZABmAA8AGgAMAE0AYQBjAGkAbgB0AG8AcwBoACAASABEABIAKFVzZXJzLzc0MDk3L0Ryb3Bib3gvUGFwZXJzL0NhcmQvMTk5MC5wZGYAEwABLwAAFQACAAz//wAAgAbSGxwdHlokY2xhc3NuYW1lWCRjbGFzc2VzXU5TTXV0YWJsZURhdGGjHR8gVk5TRGF0YVhOU09iamVjdNIbHCIjXE5TRGljdGlvbmFyeaIiIF8QD05TS2V5ZWRBcmNoaXZlctEmJ1Ryb290gAEACAARABoAIwAtADIANwBAAEYATQBVAGAAZwBqAGwAbgBxAHMAdQB3AIQAjgC0ALkAwQIBAgMCCAITAhwCKgIuAjUCPgJDAlACUwJlAmgCbQAAAAAAAAIBAAAAAAAAACgAAAAAAAAAAAAAAAAAAAJv}}

@article{kleven2015children,
	Author = {Kleven, Henrik J and Landais, Camille and Sogaard, Jacob E},
	Date-Added = {2016-12-09 14:11:36 +0000},
	Date-Modified = {2016-12-09 15:44:44 +0000},
	Journal = {Unpublished manuscript, LSE},
	Title = {Children and gender inequality: Evidence from Denmark},
	Url = {http://www.henrikkleven.com/uploads/3/7/3/1/37310663/kleven-landais-sogaard_gender_oct2016.pdf},
	Year = {2015},
	Bdsk-File-1 = {YnBsaXN0MDDUAQIDBAUGJCVYJHZlcnNpb25YJG9iamVjdHNZJGFyY2hpdmVyVCR0b3ASAAGGoKgHCBMUFRYaIVUkbnVsbNMJCgsMDxJXTlMua2V5c1pOUy5vYmplY3RzViRjbGFzc6INDoACgAOiEBGABIAFgAdccmVsYXRpdmVQYXRoWWFsaWFzRGF0YV8QJS4uLy4uLy4uLy4uLy4uL1BhcGVycy9LbGV2ZW4vMjAxNS5wZGbSFwsYGVdOUy5kYXRhTxEBQgAAAAABQgACAAAMTWFjaW50b3NoIEhEAAAAAAAAAAAAAAAAAAAAAAAAAEJEAAH/////CDIwMTUucGRmAAAAAAAAAAAAAAAAAAAAAAAAAAAAAAAAAAAAAAAAAAAAAAAAAAAAAAAAAAAAAAAAAAAAAAAAAP////8AAAAAAAAAAAAAAAAABQADAAAKIGN1AAAAAAAAAAAAAAAAAAZLbGV2ZW4AAgAsLzpVc2Vyczo3NDA5NzpEcm9wYm94OlBhcGVyczpLbGV2ZW46MjAxNS5wZGYADgASAAgAMgAwADEANQAuAHAAZABmAA8AGgAMAE0AYQBjAGkAbgB0AG8AcwBoACAASABEABIAKlVzZXJzLzc0MDk3L0Ryb3Bib3gvUGFwZXJzL0tsZXZlbi8yMDE1LnBkZgATAAEvAAAVAAIADP//AACABtIbHB0eWiRjbGFzc25hbWVYJGNsYXNzZXNdTlNNdXRhYmxlRGF0YaMdHyBWTlNEYXRhWE5TT2JqZWN00hscIiNcTlNEaWN0aW9uYXJ5oiIgXxAPTlNLZXllZEFyY2hpdmVy0SYnVHJvb3SAAQAIABEAGgAjAC0AMgA3AEAARgBNAFUAYABnAGoAbABuAHEAcwB1AHcAhACOALYAuwDDAgkCCwIQAhsCJAIyAjYCPQJGAksCWAJbAm0CcAJ1AAAAAAAAAgEAAAAAAAAAKAAAAAAAAAAAAAAAAAAAAnc=}}

@article{10.2307/2999430,
	Abstract = {In Becker's (1973) neoclassical marriage market model, matching is positively assortative if types are complements: i.e., match output f(x, y) is supermodular in x and y. We reprise this famous result assuming time-intensive partner search and transferable output. We prove existence of a search equilibrium with a continuum of types, and then characterize matching. After showing that Becker's conditions on match output no longer suffice for assortative matching, we find sufficient conditions valid for any search frictions and type distribution: supermodularity not only of output f, but also of log f<sub>x</sub> and log f<sub>xy</sub>. Symmetric submodularity conditions imply negatively assortative matching. Examples show these conditions are necessary.},
	Author = {Robert Shimer and Lones Smith},
	Date-Added = {2016-12-09 13:58:42 +0000},
	Date-Modified = {2016-12-09 13:58:42 +0000},
	Issn = {00129682, 14680262},
	Journal = {Econometrica},
	Number = {2},
	Pages = {343-369},
	Publisher = {[Wiley, Econometric Society]},
	Title = {Assortative Matching and Search},
	Url = {http://www.jstor.org/stable/2999430},
	Volume = {68},
	Year = {2000},
	Bdsk-File-1 = {YnBsaXN0MDDUAQIDBAUGJCVYJHZlcnNpb25YJG9iamVjdHNZJGFyY2hpdmVyVCR0b3ASAAGGoKgHCBMUFRYaIVUkbnVsbNMJCgsMDxJXTlMua2V5c1pOUy5vYmplY3RzViRjbGFzc6INDoACgAOiEBGABIAFgAdccmVsYXRpdmVQYXRoWWFsaWFzRGF0YV8QJS4uLy4uLy4uLy4uLy4uL1BhcGVycy9TaGltZXIvMjAwMC5wZGbSFwsYGVdOUy5kYXRhTxEBQgAAAAABQgACAAAMTWFjaW50b3NoIEhEAAAAAAAAAAAAAAAAAAAAAAAAAEJEAAH/////CDIwMDAucGRmAAAAAAAAAAAAAAAAAAAAAAAAAAAAAAAAAAAAAAAAAAAAAAAAAAAAAAAAAAAAAAAAAAAAAAAAAP////8AAAAAUERGIAAAAAAABQADAAAKIGN1AAAAAAAAAAAAAAAAAAZTaGltZXIAAgAsLzpVc2Vyczo3NDA5NzpEcm9wYm94OlBhcGVyczpTaGltZXI6MjAwMC5wZGYADgASAAgAMgAwADAAMAAuAHAAZABmAA8AGgAMAE0AYQBjAGkAbgB0AG8AcwBoACAASABEABIAKlVzZXJzLzc0MDk3L0Ryb3Bib3gvUGFwZXJzL1NoaW1lci8yMDAwLnBkZgATAAEvAAAVAAIADP//AACABtIbHB0eWiRjbGFzc25hbWVYJGNsYXNzZXNdTlNNdXRhYmxlRGF0YaMdHyBWTlNEYXRhWE5TT2JqZWN00hscIiNcTlNEaWN0aW9uYXJ5oiIgXxAPTlNLZXllZEFyY2hpdmVy0SYnVHJvb3SAAQAIABEAGgAjAC0AMgA3AEAARgBNAFUAYABnAGoAbABuAHEAcwB1AHcAhACOALYAuwDDAgkCCwIQAhsCJAIyAjYCPQJGAksCWAJbAm0CcAJ1AAAAAAAAAgEAAAAAAAAAKAAAAAAAAAAAAAAAAAAAAnc=},
	Bdsk-Url-1 = {http://www.jstor.org/stable/2999430}}

@article{card2013bargaining,
	Author = {Card, David and Cardoso, Ana Rute and Kline, Patrick},
	Date-Added = {2016-12-09 13:52:01 +0000},
	Date-Modified = {2016-12-09 14:12:39 +0000},
	Journal = {IZA discussion paper},
	Publisher = {IZA Discussion Paper},
	Title = {Bargaining and the gender wage gap: A direct assessment},
	Year = {2013},
	Bdsk-File-1 = {YnBsaXN0MDDUAQIDBAUGJCVYJHZlcnNpb25YJG9iamVjdHNZJGFyY2hpdmVyVCR0b3ASAAGGoKgHCBMUFRYaIVUkbnVsbNMJCgsMDxJXTlMua2V5c1pOUy5vYmplY3RzViRjbGFzc6INDoACgAOiEBGABIAFgAdccmVsYXRpdmVQYXRoWWFsaWFzRGF0YV8QIy4uLy4uLy4uLy4uLy4uL1BhcGVycy9DYXJkLzIwMTMucGRm0hcLGBlXTlMuZGF0YU8RATwAAAAAATwAAgAADE1hY2ludG9zaCBIRAAAAAAAAAAAAAAAAAAAAAAAAABCRAAB/////wgyMDEzLnBkZgAAAAAAAAAAAAAAAAAAAAAAAAAAAAAAAAAAAAAAAAAAAAAAAAAAAAAAAAAAAAAAAAAAAAAAAAD/////AAAAAFBERiAAAAAAAAUAAwAACiBjdQAAAAAAAAAAAAAAAAAEQ2FyZAACACovOlVzZXJzOjc0MDk3OkRyb3Bib3g6UGFwZXJzOkNhcmQ6MjAxMy5wZGYADgASAAgAMgAwADEAMwAuAHAAZABmAA8AGgAMAE0AYQBjAGkAbgB0AG8AcwBoACAASABEABIAKFVzZXJzLzc0MDk3L0Ryb3Bib3gvUGFwZXJzL0NhcmQvMjAxMy5wZGYAEwABLwAAFQACAAz//wAAgAbSGxwdHlokY2xhc3NuYW1lWCRjbGFzc2VzXU5TTXV0YWJsZURhdGGjHR8gVk5TRGF0YVhOU09iamVjdNIbHCIjXE5TRGljdGlvbmFyeaIiIF8QD05TS2V5ZWRBcmNoaXZlctEmJ1Ryb290gAEACAARABoAIwAtADIANwBAAEYATQBVAGAAZwBqAGwAbgBxAHMAdQB3AIQAjgC0ALkAwQIBAgMCCAITAhwCKgIuAjUCPgJDAlACUwJlAmgCbQAAAAAAAAIBAAAAAAAAACgAAAAAAAAAAAAAAAAAAAJv}}

@article{ahlfeldt2012economics,
	Author = {Ahlfeldt, Gabriel M and Redding, Stephen J and Sturm, Daniel M and Wolf, Nikolaus},
	Date-Added = {2016-12-09 13:51:10 +0000},
	Date-Modified = {2016-12-09 13:51:10 +0000},
	Institution = {Spatial Economics Research Centre, LSE},
	Journal = {Econometrica},
	Keywords = {geography, urban, labour economics},
	Title = {The Economics of Density: Evidence from the Berlin Wall},
	Year = {forthcoming},
	Bdsk-File-1 = {YnBsaXN0MDDUAQIDBAUGJCVYJHZlcnNpb25YJG9iamVjdHNZJGFyY2hpdmVyVCR0b3ASAAGGoKgHCBMUFRYaIVUkbnVsbNMJCgsMDxJXTlMua2V5c1pOUy5vYmplY3RzViRjbGFzc6INDoACgAOiEBGABIAFgAdccmVsYXRpdmVQYXRoWWFsaWFzRGF0YV8QIi4uL0Rvd25sb2Fkcy9CZXJsaW5fMDMxMTE1X2FsbC5wZGbSFwsYGVdOUy5kYXRhTxEBqgAAAAABqgACAAAMTWFjaW50b3NoIEhEAAAAAAAAAAAAAAAAAAAA0QiotkgrAAAAEuy+FUJlcmxpbl8wMzExMTVfYWxsLnBkZgAAAAAAAAAAAAAAAAAAAAAAAAAAAAAAAAAAAAAAAAAAAAAAAAAAAAAAAAAf7RPSU84sAAAAAAAAAAAAAQACAAAJIAAAAAAAAAAAAAAAAAAAAAlEb3dubG9hZHMAABAACAAA0QiapgAAABEACAAA0lPAHAAAAAEADAAS7L4AEuy5AAKVFQACAERNYWNpbnRvc2ggSEQ6VXNlcnM6AGZsb3JpYW4ub3N3YWxkOgBEb3dubG9hZHM6AEJlcmxpbl8wMzExMTVfYWxsLnBkZgAOACwAFQBCAGUAcgBsAGkAbgBfADAAMwAxADEAMQA1AF8AYQBsAGwALgBwAGQAZgAPABoADABNAGEAYwBpAG4AdABvAHMAaAAgAEgARAASADRVc2Vycy9mbG9yaWFuLm9zd2FsZC9Eb3dubG9hZHMvQmVybGluXzAzMTExNV9hbGwucGRmABMAAS8AABUAAgAV//8AAIAG0hscHR5aJGNsYXNzbmFtZVgkY2xhc3Nlc11OU011dGFibGVEYXRhox0fIFZOU0RhdGFYTlNPYmplY3TSGxwiI1xOU0RpY3Rpb25hcnmiIiBfEA9OU0tleWVkQXJjaGl2ZXLRJidUcm9vdIABAAgAEQAaACMALQAyADcAQABGAE0AVQBgAGcAagBsAG4AcQBzAHUAdwCEAI4AswC4AMACbgJwAnUCgAKJApcCmwKiAqsCsAK9AsAC0gLVAtoAAAAAAAACAQAAAAAAAAAoAAAAAAAAAAAAAAAAAAAC3A==},
	Bdsk-File-2 = {YnBsaXN0MDDUAQIDBAUGJCVYJHZlcnNpb25YJG9iamVjdHNZJGFyY2hpdmVyVCR0b3ASAAGGoKgHCBMUFRYaIVUkbnVsbNMJCgsMDxJXTlMua2V5c1pOUy5vYmplY3RzViRjbGFzc6INDoACgAOiEBGABIAFgAdccmVsYXRpdmVQYXRoWWFsaWFzRGF0YV8QKC4uLy4uLy4uLy4uLy4uL1BhcGVycy9BaGxmZWxkdC8yMDE3YS5wZGbSFwsYGVdOUy5kYXRhTxEBTgAAAAABTgACAAAMTWFjaW50b3NoIEhEAAAAAAAAAAAAAAAAAAAAAAAAAEJEAAH/////CTIwMTdhLnBkZgAAAAAAAAAAAAAAAAAAAAAAAAAAAAAAAAAAAAAAAAAAAAAAAAAAAAAAAAAAAAAAAAAAAAAAAP////8AAAAAUERGIAAAAAAABQADAAAKIGN1AAAAAAAAAAAAAAAAAAhBaGxmZWxkdAACAC8vOlVzZXJzOjc0MDk3OkRyb3Bib3g6UGFwZXJzOkFobGZlbGR0OjIwMTdhLnBkZgAADgAUAAkAMgAwADEANwBhAC4AcABkAGYADwAaAAwATQBhAGMAaQBuAHQAbwBzAGgAIABIAEQAEgAtVXNlcnMvNzQwOTcvRHJvcGJveC9QYXBlcnMvQWhsZmVsZHQvMjAxN2EucGRmAAATAAEvAAAVAAIADP//AACABtIbHB0eWiRjbGFzc25hbWVYJGNsYXNzZXNdTlNNdXRhYmxlRGF0YaMdHyBWTlNEYXRhWE5TT2JqZWN00hscIiNcTlNEaWN0aW9uYXJ5oiIgXxAPTlNLZXllZEFyY2hpdmVy0SYnVHJvb3SAAQAIABEAGgAjAC0AMgA3AEAARgBNAFUAYABnAGoAbABuAHEAcwB1AHcAhACOALkAvgDGAhgCGgIfAioCMwJBAkUCTAJVAloCZwJqAnwCfwKEAAAAAAAAAgEAAAAAAAAAKAAAAAAAAAAAAAAAAAAAAoY=}}

@article{LBM,
	Author = {Lamadon, Thibaut and Bonhomme, Stephane and Manresa, Elena},
	Date-Added = {2016-12-09 13:50:26 +0000},
	Date-Modified = {2016-12-09 15:45:30 +0000},
	Journal = {unpublished},
	Title = {Discretizing Unobserved Heterogeneity},
	Url = {http://lamadon.com/paper/blm.pdf},
	Year = {2016},
	Bdsk-File-1 = {YnBsaXN0MDDUAQIDBAUGJCVYJHZlcnNpb25YJG9iamVjdHNZJGFyY2hpdmVyVCR0b3ASAAGGoKgHCBMUFRYaIVUkbnVsbNMJCgsMDxJXTlMua2V5c1pOUy5vYmplY3RzViRjbGFzc6INDoACgAOiEBGABIAFgAdccmVsYXRpdmVQYXRoWWFsaWFzRGF0YV8QJi4uLy4uLy4uLy4uLy4uL1BhcGVycy9MYW1hZG9uLzIwMTYucGRm0hcLGBlXTlMuZGF0YU8RAUgAAAAAAUgAAgAADE1hY2ludG9zaCBIRAAAAAAAAAAAAAAAAAAAAAAAAABCRAAB/////wgyMDE2LnBkZgAAAAAAAAAAAAAAAAAAAAAAAAAAAAAAAAAAAAAAAAAAAAAAAAAAAAAAAAAAAAAAAAAAAAAAAAD/////AAAAAFBERiAAAAAAAAUAAwAACiBjdQAAAAAAAAAAAAAAAAAHTGFtYWRvbgAAAgAtLzpVc2Vyczo3NDA5NzpEcm9wYm94OlBhcGVyczpMYW1hZG9uOjIwMTYucGRmAAAOABIACAAyADAAMQA2AC4AcABkAGYADwAaAAwATQBhAGMAaQBuAHQAbwBzAGgAIABIAEQAEgArVXNlcnMvNzQwOTcvRHJvcGJveC9QYXBlcnMvTGFtYWRvbi8yMDE2LnBkZgAAEwABLwAAFQACAAz//wAAgAbSGxwdHlokY2xhc3NuYW1lWCRjbGFzc2VzXU5TTXV0YWJsZURhdGGjHR8gVk5TRGF0YVhOU09iamVjdNIbHCIjXE5TRGljdGlvbmFyeaIiIF8QD05TS2V5ZWRBcmNoaXZlctEmJ1Ryb290gAEACAARABoAIwAtADIANwBAAEYATQBVAGAAZwBqAGwAbgBxAHMAdQB3AIQAjgC3ALwAxAIQAhICFwIiAisCOQI9AkQCTQJSAl8CYgJ0AncCfAAAAAAAAAIBAAAAAAAAACgAAAAAAAAAAAAAAAAAAAJ+}}

@article{blundell1998estimating,
	Author = {Blundell, Richard and Duncan, Alan and Meghir, Costas},
	Date-Added = {2016-12-09 13:30:38 +0000},
	Date-Modified = {2016-12-09 13:30:38 +0000},
	Journal = {Econometrica},
	Keywords = {econometrics, labour supply},
	Pages = {827--861},
	Publisher = {JSTOR},
	Title = {Estimating labor supply responses using tax reforms},
	Year = {1998},
	Bdsk-File-1 = {YnBsaXN0MDDUAQIDBAUGJCVYJHZlcnNpb25YJG9iamVjdHNZJGFyY2hpdmVyVCR0b3ASAAGGoKgHCBMUFRYaIVUkbnVsbNMJCgsMDxJXTlMua2V5c1pOUy5vYmplY3RzViRjbGFzc6INDoACgAOiEBGABIAFgAdccmVsYXRpdmVQYXRoWWFsaWFzRGF0YV8QSi4uLy4uLy4uLy4uLy4uL1BhcGVycy9CbHVuZGVsbC9Fc3RpbWF0aW5nIGxhYm9yIHN1cHBseSByZXNwb25zZXMgdXNpbmcucGRm0hcLGBlXTlMuZGF0YU8RAdYAAAAAAdYAAgAADE1hY2ludG9zaCBIRAAAAAAAAAAAAAAAAAAAAAAAAABCRAAB/////x9Fc3RpbWF0aW5nIGxhYm9yIHMjRkZGRkZGRkYucGRmAAAAAAAAAAAAAAAAAAAAAAAAAAAAAAAAAAAAAAAAAAD/////AAAAAFBERiAAAAAAAAUAAwAACiBjdQAAAAAAAAAAAAAAAAAIQmx1bmRlbGwAAgBRLzpVc2Vyczo3NDA5NzpEcm9wYm94OlBhcGVyczpCbHVuZGVsbDpFc3RpbWF0aW5nIGxhYm9yIHN1cHBseSByZXNwb25zZXMgdXNpbmcucGRmAAAOAFgAKwBFAHMAdABpAG0AYQB0AGkAbgBnACAAbABhAGIAbwByACAAcwB1AHAAcABsAHkAIAByAGUAcwBwAG8AbgBzAGUAcwAgAHUAcwBpAG4AZwAuAHAAZABmAA8AGgAMAE0AYQBjAGkAbgB0AG8AcwBoACAASABEABIAT1VzZXJzLzc0MDk3L0Ryb3Bib3gvUGFwZXJzL0JsdW5kZWxsL0VzdGltYXRpbmcgbGFib3Igc3VwcGx5IHJlc3BvbnNlcyB1c2luZy5wZGYAABMAAS8AABUAAgAM//8AAIAG0hscHR5aJGNsYXNzbmFtZVgkY2xhc3Nlc11OU011dGFibGVEYXRhox0fIFZOU0RhdGFYTlNPYmplY3TSGxwiI1xOU0RpY3Rpb25hcnmiIiBfEA9OU0tleWVkQXJjaGl2ZXLRJidUcm9vdIABAAgAEQAaACMALQAyADcAQABGAE0AVQBgAGcAagBsAG4AcQBzAHUAdwCEAI4A2wDgAOgCwgLEAskC1ALdAusC7wL2Av8DBAMRAxQDJgMpAy4AAAAAAAACAQAAAAAAAAAoAAAAAAAAAAAAAAAAAAADMA==}}

@article{abowd1999high,
	Author = {Abowd, John M and Kramarz, Francis and Margolis, David N},
	Date-Added = {2016-12-09 11:23:46 +0000},
	Date-Modified = {2016-12-09 11:23:46 +0000},
	Journal = {Econometrica},
	Number = {2},
	Pages = {251--333},
	Publisher = {Wiley Online Library},
	Title = {High wage workers and high wage firms},
	Volume = {67},
	Year = {1999},
	Bdsk-File-1 = {YnBsaXN0MDDUAQIDBAUGJCVYJHZlcnNpb25YJG9iamVjdHNZJGFyY2hpdmVyVCR0b3ASAAGGoKgHCBMUFRYaIVUkbnVsbNMJCgsMDxJXTlMua2V5c1pOUy5vYmplY3RzViRjbGFzc6INDoACgAOiEBGABIAFgAdccmVsYXRpdmVQYXRoWWFsaWFzRGF0YV8QJC4uLy4uLy4uLy4uLy4uL1BhcGVycy9BYm93ZC8xOTk5LnBkZtIXCxgZV05TLmRhdGFPEQFCAAAAAAFCAAIAAAxNYWNpbnRvc2ggSEQAAAAAAAAAAAAAAAAAAAAAAAAAQkQAAf////8IMTk5OS5wZGYAAAAAAAAAAAAAAAAAAAAAAAAAAAAAAAAAAAAAAAAAAAAAAAAAAAAAAAAAAAAAAAAAAAAAAAAA/////wAAAABQREYgAAAAAAAFAAMAAAogY3UAAAAAAAAAAAAAAAAABUFib3dkAAACACsvOlVzZXJzOjc0MDk3OkRyb3Bib3g6UGFwZXJzOkFib3dkOjE5OTkucGRmAAAOABIACAAxADkAOQA5AC4AcABkAGYADwAaAAwATQBhAGMAaQBuAHQAbwBzAGgAIABIAEQAEgApVXNlcnMvNzQwOTcvRHJvcGJveC9QYXBlcnMvQWJvd2QvMTk5OS5wZGYAABMAAS8AABUAAgAM//8AAIAG0hscHR5aJGNsYXNzbmFtZVgkY2xhc3Nlc11OU011dGFibGVEYXRhox0fIFZOU0RhdGFYTlNPYmplY3TSGxwiI1xOU0RpY3Rpb25hcnmiIiBfEA9OU0tleWVkQXJjaGl2ZXLRJidUcm9vdIABAAgAEQAaACMALQAyADcAQABGAE0AVQBgAGcAagBsAG4AcQBzAHUAdwCEAI4AtQC6AMICCAIKAg8CGgIjAjECNQI8AkUCSgJXAloCbAJvAnQAAAAAAAACAQAAAAAAAAAoAAAAAAAAAAAAAAAAAAACdg==}}

@article{arellano2014household,
	Author = {Arellano, Manuel and Blundell, Richard and Bonhomme, St{\'e}phane},
	Date-Added = {2016-12-09 11:19:54 +0000},
	Date-Modified = {2016-12-09 11:19:54 +0000},
	Journal = {Manuscript, University of Chicago},
	Title = {Household Earnings and Consumption: A Nonlinear Framework},
	Year = {2014},
	Bdsk-File-1 = {YnBsaXN0MDDUAQIDBAUGJCVYJHZlcnNpb25YJG9iamVjdHNZJGFyY2hpdmVyVCR0b3ASAAGGoKgHCBMUFRYaIVUkbnVsbNMJCgsMDxJXTlMua2V5c1pOUy5vYmplY3RzViRjbGFzc6INDoACgAOiEBGABIAFgAdccmVsYXRpdmVQYXRoWWFsaWFzRGF0YV8QKC4uLy4uLy4uLy4uLy4uL1BhcGVycy9BcmVsbGFuby8yMDE0YS5wZGbSFwsYGVdOUy5kYXRhTxEBTgAAAAABTgACAAAMTWFjaW50b3NoIEhEAAAAAAAAAAAAAAAAAAAAAAAAAEJEAAH/////CTIwMTRhLnBkZgAAAAAAAAAAAAAAAAAAAAAAAAAAAAAAAAAAAAAAAAAAAAAAAAAAAAAAAAAAAAAAAAAAAAAAAP////8AAAAAUERGIAAAAAAABQADAAAKIGN1AAAAAAAAAAAAAAAAAAhBcmVsbGFubwACAC8vOlVzZXJzOjc0MDk3OkRyb3Bib3g6UGFwZXJzOkFyZWxsYW5vOjIwMTRhLnBkZgAADgAUAAkAMgAwADEANABhAC4AcABkAGYADwAaAAwATQBhAGMAaQBuAHQAbwBzAGgAIABIAEQAEgAtVXNlcnMvNzQwOTcvRHJvcGJveC9QYXBlcnMvQXJlbGxhbm8vMjAxNGEucGRmAAATAAEvAAAVAAIADP//AACABtIbHB0eWiRjbGFzc25hbWVYJGNsYXNzZXNdTlNNdXRhYmxlRGF0YaMdHyBWTlNEYXRhWE5TT2JqZWN00hscIiNcTlNEaWN0aW9uYXJ5oiIgXxAPTlNLZXllZEFyY2hpdmVy0SYnVHJvb3SAAQAIABEAGgAjAC0AMgA3AEAARgBNAFUAYABnAGoAbABuAHEAcwB1AHcAhACOALkAvgDGAhgCGgIfAioCMwJBAkUCTAJVAloCZwJqAnwCfwKEAAAAAAAAAgEAAAAAAAAAKAAAAAAAAAAAAAAAAAAAAoY=}}

@article{french_2005,
	Abstract = {This paper estimates a life cycle model of labour supply, retirement, and savings behaviour in which future health status and wages are uncertain. Individuals face a fixed cost of work and cannot borrow against future labour, pension, or Social Security income. The method of simulated moments is used to match the life cycle profiles of labour force participation, hours worked, and assets that are estimated from the data to those that are generated by the model. The model establishes that the tax structure of the Social Security system and pensions are key determinants of the high observed job exit rates at ages 62 and 65. Removing the tax wedge embedded in the Social Security earnings test for individuals aged 65 and older would delay job exit by almost one year. By contrast, Social Security benefit levels, health, and borrowing constraints are less important determinants of job exit at older ages. For example, reducing Social Security benefits by 20% would cause workers to delay exit from the labour force by only three months.},
	Author = {French, Eric},
	Copyright = {Copyright {\copyright} 2005 The Review of Economic Studies Ltd.},
	Date-Added = {2016-12-09 11:18:46 +0000},
	Date-Modified = {2016-12-09 11:18:46 +0000},
	Issn = {00346527},
	Journal = {The Review of Economic Studies},
	Jstor_Articletype = {primary_article},
	Jstor_Formatteddate = {Apr., 2005},
	Keywords = {health},
	Number = {2},
	Pages = {395--427},
	Publisher = {The Review of Economic Studies Ltd.},
	Title = {The Effects of Health, Wealth, and Wages on Labour Supply and Retirement Behaviour},
	Url = {http://www.jstor.org/stable/3700657},
	Volume = {72},
	Year = {2005},
	Bdsk-File-1 = {YnBsaXN0MDDUAQIDBAUGJCVYJHZlcnNpb25YJG9iamVjdHNZJGFyY2hpdmVyVCR0b3ASAAGGoKgHCBMUFRYaIVUkbnVsbNMJCgsMDxJXTlMua2V5c1pOUy5vYmplY3RzViRjbGFzc6INDoACgAOiEBGABIAFgAdccmVsYXRpdmVQYXRoWWFsaWFzRGF0YV8QUy4uLy4uLy4uLy4uLy4uL1BhcGVycy9GcmVuY2gvVGhlIEVmZmVjdHMgb2YgSGVhbHRoLCBXZWFsdGgsIGFuZCBXYWdlcyBvbiBMYWJvdXIucGRm0hcLGBlXTlMuZGF0YU8RAfoAAAAAAfoAAgAADE1hY2ludG9zaCBIRAAAAAAAAAAAAAAAAAAAAAAAAABCRAAB/////x9UaGUgRWZmZWN0cyBvZiBIZWEjRkZGRkZGRkYucGRmAAAAAAAAAAAAAAAAAAAAAAAAAAAAAAAAAAAAAAAAAAD/////AAAAAFBERiAAAAAAAAUAAwAACiBjdQAAAAAAAAAAAAAAAAAGRnJlbmNoAAIAWi86VXNlcnM6NzQwOTc6RHJvcGJveDpQYXBlcnM6RnJlbmNoOlRoZSBFZmZlY3RzIG9mIEhlYWx0aCwgV2VhbHRoLCBhbmQgV2FnZXMgb24gTGFib3VyLnBkZgAOAG4ANgBUAGgAZQAgAEUAZgBmAGUAYwB0AHMAIABvAGYAIABIAGUAYQBsAHQAaAAsACAAVwBlAGEAbAB0AGgALAAgAGEAbgBkACAAVwBhAGcAZQBzACAAbwBuACAATABhAGIAbwB1AHIALgBwAGQAZgAPABoADABNAGEAYwBpAG4AdABvAHMAaAAgAEgARAASAFhVc2Vycy83NDA5Ny9Ecm9wYm94L1BhcGVycy9GcmVuY2gvVGhlIEVmZmVjdHMgb2YgSGVhbHRoLCBXZWFsdGgsIGFuZCBXYWdlcyBvbiBMYWJvdXIucGRmABMAAS8AABUAAgAM//8AAIAG0hscHR5aJGNsYXNzbmFtZVgkY2xhc3Nlc11OU011dGFibGVEYXRhox0fIFZOU0RhdGFYTlNPYmplY3TSGxwiI1xOU0RpY3Rpb25hcnmiIiBfEA9OU0tleWVkQXJjaGl2ZXLRJidUcm9vdIABAAgAEQAaACMALQAyADcAQABGAE0AVQBgAGcAagBsAG4AcQBzAHUAdwCEAI4A5ADpAPEC7wLxAvYDAQMKAxgDHAMjAywDMQM+A0EDUwNWA1sAAAAAAAACAQAAAAAAAAAoAAAAAAAAAAAAAAAAAAADXQ==},
	Bdsk-File-2 = {YnBsaXN0MDDUAQIDBAUGJCVYJHZlcnNpb25YJG9iamVjdHNZJGFyY2hpdmVyVCR0b3ASAAGGoKgHCBMUFRYaIVUkbnVsbNMJCgsMDxJXTlMua2V5c1pOUy5vYmplY3RzViRjbGFzc6INDoACgAOiEBGABIAFgAdccmVsYXRpdmVQYXRoWWFsaWFzRGF0YV8QVC4uLy4uLy4uLy4uLy4uL1BhcGVycy9GcmVuY2gvVGhlIEVmZmVjdHMgb2YgSGVhbHRoLCBXZWFsdGgsIGFuZCBXYWdlcyBvbiBMYWJvdXIwLnBkZtIXCxgZV05TLmRhdGFPEQIAAAAAAAIAAAIAAAxNYWNpbnRvc2ggSEQAAAAAAAAAAAAAAAAAAAAAAAAAQkQAAf////8fVGhlIEVmZmVjdHMgb2YgSGVhI0ZGRkZGRkZGLnBkZgAAAAAAAAAAAAAAAAAAAAAAAAAAAAAAAAAAAAAAAAAA/////wAAAAAAAAAAAAAAAAAFAAMAAAogY3UAAAAAAAAAAAAAAAAABkZyZW5jaAACAFsvOlVzZXJzOjc0MDk3OkRyb3Bib3g6UGFwZXJzOkZyZW5jaDpUaGUgRWZmZWN0cyBvZiBIZWFsdGgsIFdlYWx0aCwgYW5kIFdhZ2VzIG9uIExhYm91cjAucGRmAAAOAHAANwBUAGgAZQAgAEUAZgBmAGUAYwB0AHMAIABvAGYAIABIAGUAYQBsAHQAaAAsACAAVwBlAGEAbAB0AGgALAAgAGEAbgBkACAAVwBhAGcAZQBzACAAbwBuACAATABhAGIAbwB1AHIAMAAuAHAAZABmAA8AGgAMAE0AYQBjAGkAbgB0AG8AcwBoACAASABEABIAWVVzZXJzLzc0MDk3L0Ryb3Bib3gvUGFwZXJzL0ZyZW5jaC9UaGUgRWZmZWN0cyBvZiBIZWFsdGgsIFdlYWx0aCwgYW5kIFdhZ2VzIG9uIExhYm91cjAucGRmAAATAAEvAAAVAAIADP//AACABtIbHB0eWiRjbGFzc25hbWVYJGNsYXNzZXNdTlNNdXRhYmxlRGF0YaMdHyBWTlNEYXRhWE5TT2JqZWN00hscIiNcTlNEaWN0aW9uYXJ5oiIgXxAPTlNLZXllZEFyY2hpdmVy0SYnVHJvb3SAAQAIABEAGgAjAC0AMgA3AEAARgBNAFUAYABnAGoAbABuAHEAcwB1AHcAhACOAOUA6gDyAvYC+AL9AwgDEQMfAyMDKgMzAzgDRQNIA1oDXQNiAAAAAAAAAgEAAAAAAAAAKAAAAAAAAAAAAAAAAAAAA2Q=},
	Bdsk-File-3 = {YnBsaXN0MDDUAQIDBAUGJCVYJHZlcnNpb25YJG9iamVjdHNZJGFyY2hpdmVyVCR0b3ASAAGGoKgHCBMUFRYaIVUkbnVsbNMJCgsMDxJXTlMua2V5c1pOUy5vYmplY3RzViRjbGFzc6INDoACgAOiEBGABIAFgAdccmVsYXRpdmVQYXRoWWFsaWFzRGF0YV8QIS4uLy4uLy4uLy4uLy4uL1BhcGVycy9GcmVuY2gvMjAwNdIXCxgZV05TLmRhdGFPEQE0AAAAAAE0AAIAAQxNYWNpbnRvc2ggSEQAAAAAAAAAAAAAAAAAAAAAAAAAQkQAAf////8EMjAwNQAAAAAAAAAAAAAAAAAAAAAAAAAAAAAAAAAAAAAAAAAAAAAAAAAAAAAAAAAAAAAAAAAAAAAAAAAAAAAA/////wAAAAAAAAAAAAAAAAAFAAMAAAogY3UAAAAAAAAAAAAAAAAABkZyZW5jaAACACkvOlVzZXJzOjc0MDk3OkRyb3Bib3g6UGFwZXJzOkZyZW5jaDoyMDA1LwAADgAKAAQAMgAwADAANQAPABoADABNAGEAYwBpAG4AdABvAHMAaAAgAEgARAASACZVc2Vycy83NDA5Ny9Ecm9wYm94L1BhcGVycy9GcmVuY2gvMjAwNQATAAEvAAAVAAIADP//AACABtIbHB0eWiRjbGFzc25hbWVYJGNsYXNzZXNdTlNNdXRhYmxlRGF0YaMdHyBWTlNEYXRhWE5TT2JqZWN00hscIiNcTlNEaWN0aW9uYXJ5oiIgXxAPTlNLZXllZEFyY2hpdmVy0SYnVHJvb3SAAQAIABEAGgAjAC0AMgA3AEAARgBNAFUAYABnAGoAbABuAHEAcwB1AHcAhACOALIAtwC/AfcB+QH+AgkCEgIgAiQCKwI0AjkCRgJJAlsCXgJjAAAAAAAAAgEAAAAAAAAAKAAAAAAAAAAAAAAAAAAAAmU=},
	Bdsk-Url-1 = {http://www.jstor.org/stable/3700657}}

@article{blundell_preston_pistaferri,
	Author = {Blundell, R. and Pistaferri, L. and Preston, I.},
	Date-Added = {2016-12-09 11:16:16 +0000},
	Date-Modified = {2016-12-09 11:16:16 +0000},
	Journal = {American Economic Review},
	Keywords = {income uncertainty, Consumption inequality,insurance,empirics},
	Number = {5},
	Pages = {1887--1921},
	Publisher = {American Economic Association Publications},
	Read = {1},
	Title = {{Consumption inequality and partial insurance}},
	Volume = {98},
	Year = {2008},
	Bdsk-File-1 = {YnBsaXN0MDDUAQIDBAUGJCVYJHZlcnNpb25YJG9iamVjdHNZJGFyY2hpdmVyVCR0b3ASAAGGoKgHCBMUFRYaIVUkbnVsbNMJCgsMDxJXTlMua2V5c1pOUy5vYmplY3RzViRjbGFzc6INDoACgAOiEBGABIAFgAdccmVsYXRpdmVQYXRoWWFsaWFzRGF0YV8QJy4uLy4uLy4uLy4uLy4uL1BhcGVycy9CbHVuZGVsbC8yMDA4LnBkZtIXCxgZV05TLmRhdGFPEQFIAAAAAAFIAAIAAAxNYWNpbnRvc2ggSEQAAAAAAAAAAAAAAAAAAAAAAAAAQkQAAf////8IMjAwOC5wZGYAAAAAAAAAAAAAAAAAAAAAAAAAAAAAAAAAAAAAAAAAAAAAAAAAAAAAAAAAAAAAAAAAAAAAAAAA/////wAAAAAAAAAAAAAAAAAFAAMAAAogY3UAAAAAAAAAAAAAAAAACEJsdW5kZWxsAAIALi86VXNlcnM6NzQwOTc6RHJvcGJveDpQYXBlcnM6Qmx1bmRlbGw6MjAwOC5wZGYADgASAAgAMgAwADAAOAAuAHAAZABmAA8AGgAMAE0AYQBjAGkAbgB0AG8AcwBoACAASABEABIALFVzZXJzLzc0MDk3L0Ryb3Bib3gvUGFwZXJzL0JsdW5kZWxsLzIwMDgucGRmABMAAS8AABUAAgAM//8AAIAG0hscHR5aJGNsYXNzbmFtZVgkY2xhc3Nlc11OU011dGFibGVEYXRhox0fIFZOU0RhdGFYTlNPYmplY3TSGxwiI1xOU0RpY3Rpb25hcnmiIiBfEA9OU0tleWVkQXJjaGl2ZXLRJidUcm9vdIABAAgAEQAaACMALQAyADcAQABGAE0AVQBgAGcAagBsAG4AcQBzAHUAdwCEAI4AuAC9AMUCEQITAhgCIwIsAjoCPgJFAk4CUwJgAmMCdQJ4An0AAAAAAAACAQAAAAAAAAAoAAAAAAAAAAAAAAAAAAACfw==},
	Bdsk-File-2 = {YnBsaXN0MDDUAQIDBAUGJCVYJHZlcnNpb25YJG9iamVjdHNZJGFyY2hpdmVyVCR0b3ASAAGGoKgHCBMUFRYaIVUkbnVsbNMJCgsMDxJXTlMua2V5c1pOUy5vYmplY3RzViRjbGFzc6INDoACgAOiEBGABIAFgAdccmVsYXRpdmVQYXRoWWFsaWFzRGF0YV8QTy4uLy4uLy4uLy4uLy4uL1BhcGVycy9CbHVuZGVsbC9Db25zdW1wdGlvbiBpbmVxdWFsaXR5IGFuZCBwYXJ0aWFsIGluc3VyYW5jZS5wZGbSFwsYGVdOUy5kYXRhTxEB6AAAAAAB6AACAAAMTWFjaW50b3NoIEhEAAAAAAAAAAAAAAAAAAAAAAAAAEJEAAH/////H0NvbnN1bXB0aW9uIGluZXF1YSNGRkZGRkZGRi5wZGYAAAAAAAAAAAAAAAAAAAAAAAAAAAAAAAAAAAAAAAAAAP////8AAAAAAAAAAAAAAAAABQADAAAKIGN1AAAAAAAAAAAAAAAAAAhCbHVuZGVsbAACAFYvOlVzZXJzOjc0MDk3OkRyb3Bib3g6UGFwZXJzOkJsdW5kZWxsOkNvbnN1bXB0aW9uIGluZXF1YWxpdHkgYW5kIHBhcnRpYWwgaW5zdXJhbmNlLnBkZgAOAGIAMABDAG8AbgBzAHUAbQBwAHQAaQBvAG4AIABpAG4AZQBxAHUAYQBsAGkAdAB5ACAAYQBuAGQAIABwAGEAcgB0AGkAYQBsACAAaQBuAHMAdQByAGEAbgBjAGUALgBwAGQAZgAPABoADABNAGEAYwBpAG4AdABvAHMAaAAgAEgARAASAFRVc2Vycy83NDA5Ny9Ecm9wYm94L1BhcGVycy9CbHVuZGVsbC9Db25zdW1wdGlvbiBpbmVxdWFsaXR5IGFuZCBwYXJ0aWFsIGluc3VyYW5jZS5wZGYAEwABLwAAFQACAAz//wAAgAbSGxwdHlokY2xhc3NuYW1lWCRjbGFzc2VzXU5TTXV0YWJsZURhdGGjHR8gVk5TRGF0YVhOU09iamVjdNIbHCIjXE5TRGljdGlvbmFyeaIiIF8QD05TS2V5ZWRBcmNoaXZlctEmJ1Ryb290gAEACAARABoAIwAtADIANwBAAEYATQBVAGAAZwBqAGwAbgBxAHMAdQB3AIQAjgDgAOUA7QLZAtsC4ALrAvQDAgMGAw0DFgMbAygDKwM9A0ADRQAAAAAAAAIBAAAAAAAAACgAAAAAAAAAAAAAAAAAAANH},
	Bdsk-File-3 = {YnBsaXN0MDDUAQIDBAUGJCVYJHZlcnNpb25YJG9iamVjdHNZJGFyY2hpdmVyVCR0b3ASAAGGoKgHCBMUFRYaIVUkbnVsbNMJCgsMDxJXTlMua2V5c1pOUy5vYmplY3RzViRjbGFzc6INDoACgAOiEBGABIAFgAdccmVsYXRpdmVQYXRoWWFsaWFzRGF0YV8QUC4uLy4uLy4uLy4uLy4uL1BhcGVycy9CbHVuZGVsbC9Db25zdW1wdGlvbiBpbmVxdWFsaXR5IGFuZCBwYXJ0aWFsIGluc3VyYW5jZTAucGRm0hcLGBlXTlMuZGF0YU8RAe4AAAAAAe4AAgAADE1hY2ludG9zaCBIRAAAAAAAAAAAAAAAAAAAAAAAAABCRAAB/////x9Db25zdW1wdGlvbiBpbmVxdWEjRkZGRkZGRkYucGRmAAAAAAAAAAAAAAAAAAAAAAAAAAAAAAAAAAAAAAAAAAD/////AAAAAFBERiAAAAAAAAUAAwAACiBjdQAAAAAAAAAAAAAAAAAIQmx1bmRlbGwAAgBXLzpVc2Vyczo3NDA5NzpEcm9wYm94OlBhcGVyczpCbHVuZGVsbDpDb25zdW1wdGlvbiBpbmVxdWFsaXR5IGFuZCBwYXJ0aWFsIGluc3VyYW5jZTAucGRmAAAOAGQAMQBDAG8AbgBzAHUAbQBwAHQAaQBvAG4AIABpAG4AZQBxAHUAYQBsAGkAdAB5ACAAYQBuAGQAIABwAGEAcgB0AGkAYQBsACAAaQBuAHMAdQByAGEAbgBjAGUAMAAuAHAAZABmAA8AGgAMAE0AYQBjAGkAbgB0AG8AcwBoACAASABEABIAVVVzZXJzLzc0MDk3L0Ryb3Bib3gvUGFwZXJzL0JsdW5kZWxsL0NvbnN1bXB0aW9uIGluZXF1YWxpdHkgYW5kIHBhcnRpYWwgaW5zdXJhbmNlMC5wZGYAABMAAS8AABUAAgAM//8AAIAG0hscHR5aJGNsYXNzbmFtZVgkY2xhc3Nlc11OU011dGFibGVEYXRhox0fIFZOU0RhdGFYTlNPYmplY3TSGxwiI1xOU0RpY3Rpb25hcnmiIiBfEA9OU0tleWVkQXJjaGl2ZXLRJidUcm9vdIABAAgAEQAaACMALQAyADcAQABGAE0AVQBgAGcAagBsAG4AcQBzAHUAdwCEAI4A4QDmAO4C4ALiAucC8gL7AwkDDQMUAx0DIgMvAzIDRANHA0wAAAAAAAACAQAAAAAAAAAoAAAAAAAAAAAAAAAAAAADTg==}}

@article{10.2307/23071663,
	Abstract = {I survey the male and female labor supply literatures, focusing on implications for effects of wages and taxes. For males, I describe and contrast results from three basic types of model: static models (especially those that account for nonlinear taxes), life-cycle models with savings, and life-cycle models with both savings and human capital. For women, more important distinctions are whether models include fixed costs of work, and whether they treat demographics like fertility and marriage (and human capital) as exogenous or endogenous. The literature is characterized by considerable controversy over the responsiveness of labor supply to changes in wages and taxes. At least for males, it is fair to say that most economists believe labor supply elasticities are small. But a sizable minority of studies that I examine obtain large values. Hence, there is no clear consensus on this point. In fact, a simple average of Hicks elasticities across all the studies I examine is 0.31. Several simulation studies have shown that such a value is large enough to generate large efficiency costs of income taxation. For males, I conclude that two factors drive many of the differences in results across studies. One factor is use of direct versus ratio wage measures, with studies that use the former tending to find larger elasticities. Another factor is the failure of most studies to account for human capital returns to work experience. I argue that this may lead to downward bias in elasticity estimates. In a model that includes human capital, I show how even modest elasticities---as conventionally measured---can be consistent with large efficiency costs of taxation. Fow women, in contrast, it is fair to say that most studies find large labor supply elasticities, especially on the participation margin. In particular, I find that estimates of "long-run" labor supply elasticities---by which I mean estimates that allow for dynamic effects of wages on fertility, marriage, education and work experience---are generally quite large.},
	Author = {Michael P. Keane},
	Date-Added = {2016-12-09 10:16:53 +0000},
	Date-Modified = {2016-12-09 10:16:53 +0000},
	Issn = {00220515},
	Journal = {Journal of Economic Literature},
	Number = {4},
	Pages = {961-1075},
	Publisher = {American Economic Association},
	Title = {Labor Supply and Taxes: A Survey},
	Url = {http://www.jstor.org/stable/23071663},
	Volume = {49},
	Year = {2011},
	Bdsk-File-1 = {YnBsaXN0MDDUAQIDBAUGJCVYJHZlcnNpb25YJG9iamVjdHNZJGFyY2hpdmVyVCR0b3ASAAGGoKgHCBMUFRYaIVUkbnVsbNMJCgsMDxJXTlMua2V5c1pOUy5vYmplY3RzViRjbGFzc6INDoACgAOiEBGABIAFgAdccmVsYXRpdmVQYXRoWWFsaWFzRGF0YV8QJC4uLy4uLy4uLy4uLy4uL1BhcGVycy9LZWFuZS8yMDExLnBkZtIXCxgZV05TLmRhdGFPEQFCAAAAAAFCAAIAAAxNYWNpbnRvc2ggSEQAAAAAAAAAAAAAAAAAAAAAAAAAQkQAAf////8IMjAxMS5wZGYAAAAAAAAAAAAAAAAAAAAAAAAAAAAAAAAAAAAAAAAAAAAAAAAAAAAAAAAAAAAAAAAAAAAAAAAA/////wAAAAAAAAAAAAAAAAAFAAMAAAogY3UAAAAAAAAAAAAAAAAABUtlYW5lAAACACsvOlVzZXJzOjc0MDk3OkRyb3Bib3g6UGFwZXJzOktlYW5lOjIwMTEucGRmAAAOABIACAAyADAAMQAxAC4AcABkAGYADwAaAAwATQBhAGMAaQBuAHQAbwBzAGgAIABIAEQAEgApVXNlcnMvNzQwOTcvRHJvcGJveC9QYXBlcnMvS2VhbmUvMjAxMS5wZGYAABMAAS8AABUAAgAM//8AAIAG0hscHR5aJGNsYXNzbmFtZVgkY2xhc3Nlc11OU011dGFibGVEYXRhox0fIFZOU0RhdGFYTlNPYmplY3TSGxwiI1xOU0RpY3Rpb25hcnmiIiBfEA9OU0tleWVkQXJjaGl2ZXLRJidUcm9vdIABAAgAEQAaACMALQAyADcAQABGAE0AVQBgAGcAagBsAG4AcQBzAHUAdwCEAI4AtQC6AMICCAIKAg8CGgIjAjECNQI8AkUCSgJXAloCbAJvAnQAAAAAAAACAQAAAAAAAAAoAAAAAAAAAAAAAAAAAAACdg==},
	Bdsk-Url-1 = {http://www.jstor.org/stable/23071663}}
