%% This BibTeX bibliography file was created using BibDesk.
%% http://bibdesk.sourceforge.net/

%% Created for florian at 2017-08-29 08:41:34 +0200 


%% Saved with string encoding Unicode (UTF-8) 



@techreport{de2016implications,
	Author = {De Nardi, Mariacristina and Fella, Giulio and Pardo, Gonzalo Paz},
	Date-Added = {2017-08-29 05:52:45 +0000},
	Date-Modified = {2017-08-29 05:52:45 +0000},
	Institution = {National Bureau of Economic Research},
	Title = {The implications of richer earnings dynamics for consumption and wealth},
	Year = {2016}}

@article{knittel2014estimation,
	Author = {Knittel, Christopher R and Metaxoglou, Konstantinos},
	Date-Added = {2017-04-20 15:39:49 +0000},
	Date-Modified = {2017-04-20 15:39:49 +0000},
	Journal = {Review of Economics and Statistics},
	Number = {1},
	Pages = {34--59},
	Publisher = {MIT Press},
	Title = {Estimation of Random-Coefficient Demand Models: Two Empiricists' Perspective},
	Volume = {96},
	Year = {2014},
	Bdsk-File-1 = {YnBsaXN0MDDUAQIDBAUGJCVYJHZlcnNpb25YJG9iamVjdHNZJGFyY2hpdmVyVCR0b3ASAAGGoKgHCBMUFRYaIVUkbnVsbNMJCgsMDxJXTlMua2V5c1pOUy5vYmplY3RzViRjbGFzc6INDoACgAOiEBGABIAFgAdccmVsYXRpdmVQYXRoWWFsaWFzRGF0YV8QJC4uLy4uLy4uLy4uL1BhcGVycy9Lbml0dGVsLzIwMTQuc2tpbdIXCxgZV05TLmRhdGFPEQGeAAAAAAGeAAIAAAxNYWNpbnRvc2ggSEQAAAAAAAAAAAAAAAAAAADSSMABSCsAAACcYBUJMjAxNC5za2ltAAAAAAAAAAAAAAAAAAAAAAAAAAAAAAAAAAAAAAAAAAAAAAAAAAAAAAAAAAAAAAAAAAAAAAAAAJxft9Ueop9TS05UAAAAAAAEAAMAAAkgAAAAAAAAAAAAAAAAAAAAB0tuaXR0ZWwAABAACAAA0kij4QAAABEACAAA1R6GfwAAAAEAFACcYBUAV1s+AA9vvgAKmIwABiqaAAIAR01hY2ludG9zaCBIRDpVc2VyczoAZmxvcmlhbi5vc3dhbGQ6AERyb3Bib3g6AFBhcGVyczoAS25pdHRlbDoAMjAxNC5za2ltAAAOABQACQAyADAAMQA0AC4AcwBrAGkAbQAPABoADABNAGEAYwBpAG4AdABvAHMAaAAgAEgARAASADVVc2Vycy9mbG9yaWFuLm9zd2FsZC9Ecm9wYm94L1BhcGVycy9Lbml0dGVsLzIwMTQuc2tpbQAAEwABLwAAFQACABX//wAAgAbSGxwdHlokY2xhc3NuYW1lWCRjbGFzc2VzXU5TTXV0YWJsZURhdGGjHR8gVk5TRGF0YVhOU09iamVjdNIbHCIjXE5TRGljdGlvbmFyeaIiIF8QD05TS2V5ZWRBcmNoaXZlctEmJ1Ryb290gAEACAARABoAIwAtADIANwBAAEYATQBVAGAAZwBqAGwAbgBxAHMAdQB3AIQAjgC1ALoAwgJkAmYCawJ2An8CjQKRApgCoQKmArMCtgLIAssC0AAAAAAAAAIBAAAAAAAAACgAAAAAAAAAAAAAAAAAAALS},
	Bdsk-File-2 = {YnBsaXN0MDDUAQIDBAUGJCVYJHZlcnNpb25YJG9iamVjdHNZJGFyY2hpdmVyVCR0b3ASAAGGoKgHCBMUFRYaIVUkbnVsbNMJCgsMDxJXTlMua2V5c1pOUy5vYmplY3RzViRjbGFzc6INDoACgAOiEBGABIAFgAdccmVsYXRpdmVQYXRoWWFsaWFzRGF0YV8QIy4uLy4uLy4uLy4uL1BhcGVycy9Lbml0dGVsLzIwMTQucGRm0hcLGBlXTlMuZGF0YU8RAZgAAAAAAZgAAgAADE1hY2ludG9zaCBIRAAAAAAAAAAAAAAAAAAAANJIwAFIKwAAAJxgFQgyMDE0LnBkZgAAAAAAAAAAAAAAAAAAAAAAAAAAAAAAAAAAAAAAAAAAAAAAAAAAAAAAAAAAAAAAAAAAAAAAAAAAnF+11R6h0lBERiAAAAAAAAQAAwAACSAAAAAAAAAAAAAAAAAAAAAHS25pdHRlbAAAEAAIAADSSKPhAAAAEQAIAADVHoWyAAAAAQAUAJxgFQBXWz4AD2++AAqYjAAGKpoAAgBGTWFjaW50b3NoIEhEOlVzZXJzOgBmbG9yaWFuLm9zd2FsZDoARHJvcGJveDoAUGFwZXJzOgBLbml0dGVsOgAyMDE0LnBkZgAOABIACAAyADAAMQA0AC4AcABkAGYADwAaAAwATQBhAGMAaQBuAHQAbwBzAGgAIABIAEQAEgA0VXNlcnMvZmxvcmlhbi5vc3dhbGQvRHJvcGJveC9QYXBlcnMvS25pdHRlbC8yMDE0LnBkZgATAAEvAAAVAAIAFf//AACABtIbHB0eWiRjbGFzc25hbWVYJGNsYXNzZXNdTlNNdXRhYmxlRGF0YaMdHyBWTlNEYXRhWE5TT2JqZWN00hscIiNcTlNEaWN0aW9uYXJ5oiIgXxAPTlNLZXllZEFyY2hpdmVy0SYnVHJvb3SAAQAIABEAGgAjAC0AMgA3AEAARgBNAFUAYABnAGoAbABuAHEAcwB1AHcAhACOALQAuQDBAl0CXwJkAm8CeAKGAooCkQKaAp8CrAKvAsECxALJAAAAAAAAAgEAAAAAAAAAKAAAAAAAAAAAAAAAAAAAAss=}}

@article{juddsu,
	Author = {Su, Che-Lin and Judd, Kenneth L.},
	Date-Added = {2017-04-20 13:33:29 +0000},
	Date-Modified = {2017-04-20 13:33:41 +0000},
	Doi = {10.3982/ECTA7925},
	Issn = {1468-0262},
	Journal = {Econometrica},
	Keywords = {Structural estimation, dynamic discrete choice models, constrained optimization},
	Number = {5},
	Pages = {2213--2230},
	Publisher = {Blackwell Publishing Ltd},
	Title = {Constrained Optimization Approaches to Estimation of Structural Models},
	Url = {http://dx.doi.org/10.3982/ECTA7925},
	Volume = {80},
	Year = {2012},
	Bdsk-File-1 = {YnBsaXN0MDDUAQIDBAUGJCVYJHZlcnNpb25YJG9iamVjdHNZJGFyY2hpdmVyVCR0b3ASAAGGoKgHCBMUFRYaIVUkbnVsbNMJCgsMDxJXTlMua2V5c1pOUy5vYmplY3RzViRjbGFzc6INDoACgAOiEBGABIAFgAdccmVsYXRpdmVQYXRoWWFsaWFzRGF0YV8QWi4uLy4uLy4uLy4uL1BhcGVycy9TdS9Db25zdHJhaW5lZCBPcHRpbWl6YXRpb24gQXBwcm9hY2hlcyB0byBFc3RpbWF0aW9uIG9mIFN0cnVjdHVyYWwxLnBkZtIXCxgZV05TLmRhdGFPEQJUAAAAAAJUAAIAAAxNYWNpbnRvc2ggSEQAAAAAAAAAAAAAAAAAAADSSMABSCsAAABXW0EfQ29uc3RyYWluZWQgT3B0aW1pemEjNTc2RjM3LnBkZgAAAAAAAAAAAAAAAAAAAAAAAAAAAAAAAAAAAAAAAAAAAFdvN8gA2PUAAAAAAAAAAAAEAAMAAAkgAAAAAAAAAAAAAAAAAAAAAlN1ABAACAAA0kij4QAAABEACAAAyAC81QAAAAEAFABXW0EAV1s+AA9vvgAKmIwABiqaAAIAWE1hY2ludG9zaCBIRDpVc2VyczoAZmxvcmlhbi5vc3dhbGQ6AERyb3Bib3g6AFBhcGVyczoAU3U6AENvbnN0cmFpbmVkIE9wdGltaXphIzU3NkYzNy5wZGYADgCKAEQAQwBvAG4AcwB0AHIAYQBpAG4AZQBkACAATwBwAHQAaQBtAGkAegBhAHQAaQBvAG4AIABBAHAAcAByAG8AYQBjAGgAZQBzACAAdABvACAARQBzAHQAaQBtAGEAdABpAG8AbgAgAG8AZgAgAFMAdAByAHUAYwB0AHUAcgBhAGwAMQAuAHAAZABmAA8AGgAMAE0AYQBjAGkAbgB0AG8AcwBoACAASABEABIAa1VzZXJzL2Zsb3JpYW4ub3N3YWxkL0Ryb3Bib3gvUGFwZXJzL1N1L0NvbnN0cmFpbmVkIE9wdGltaXphdGlvbiBBcHByb2FjaGVzIHRvIEVzdGltYXRpb24gb2YgU3RydWN0dXJhbDEucGRmAAATAAEvAAAVAAIAFf//AACABtIbHB0eWiRjbGFzc25hbWVYJGNsYXNzZXNdTlNNdXRhYmxlRGF0YaMdHyBWTlNEYXRhWE5TT2JqZWN00hscIiNcTlNEaWN0aW9uYXJ5oiIgXxAPTlNLZXllZEFyY2hpdmVy0SYnVHJvb3SAAQAIABEAGgAjAC0AMgA3AEAARgBNAFUAYABnAGoAbABuAHEAcwB1AHcAhACOAOsA8AD4A1ADUgNXA2IDawN5A30DhAONA5IDnwOiA7QDtwO8AAAAAAAAAgEAAAAAAAAAKAAAAAAAAAAAAAAAAAAAA74=},
	Bdsk-File-2 = {YnBsaXN0MDDUAQIDBAUGJCVYJHZlcnNpb25YJG9iamVjdHNZJGFyY2hpdmVyVCR0b3ASAAGGoKgHCBMUFRYaIVUkbnVsbNMJCgsMDxJXTlMua2V5c1pOUy5vYmplY3RzViRjbGFzc6INDoACgAOiEBGABIAFgAdccmVsYXRpdmVQYXRoWWFsaWFzRGF0YV8QWi4uLy4uLy4uLy4uL1BhcGVycy9TdS9Db25zdHJhaW5lZCBPcHRpbWl6YXRpb24gQXBwcm9hY2hlcyB0byBFc3RpbWF0aW9uIG9mIFN0cnVjdHVyYWwwLnBkZtIXCxgZV05TLmRhdGFPEQJUAAAAAAJUAAIAAAxNYWNpbnRvc2ggSEQAAAAAAAAAAAAAAAAAAADSSMABSCsAAABXW0EfQ29uc3RyYWluZWQgT3B0aW1pemEjNTc2QUY4LnBkZgAAAAAAAAAAAAAAAAAAAAAAAAAAAAAAAAAAAAAAAAAAAFdq+MzWaz0AAAAAAAAAAAAEAAMAAAkgAAAAAAAAAAAAAAAAAAAAAlN1ABAACAAA0kij4QAAABEACAAAzNZdLQAAAAEAFABXW0EAV1s+AA9vvgAKmIwABiqaAAIAWE1hY2ludG9zaCBIRDpVc2VyczoAZmxvcmlhbi5vc3dhbGQ6AERyb3Bib3g6AFBhcGVyczoAU3U6AENvbnN0cmFpbmVkIE9wdGltaXphIzU3NkFGOC5wZGYADgCKAEQAQwBvAG4AcwB0AHIAYQBpAG4AZQBkACAATwBwAHQAaQBtAGkAegBhAHQAaQBvAG4AIABBAHAAcAByAG8AYQBjAGgAZQBzACAAdABvACAARQBzAHQAaQBtAGEAdABpAG8AbgAgAG8AZgAgAFMAdAByAHUAYwB0AHUAcgBhAGwAMAAuAHAAZABmAA8AGgAMAE0AYQBjAGkAbgB0AG8AcwBoACAASABEABIAa1VzZXJzL2Zsb3JpYW4ub3N3YWxkL0Ryb3Bib3gvUGFwZXJzL1N1L0NvbnN0cmFpbmVkIE9wdGltaXphdGlvbiBBcHByb2FjaGVzIHRvIEVzdGltYXRpb24gb2YgU3RydWN0dXJhbDAucGRmAAATAAEvAAAVAAIAFf//AACABtIbHB0eWiRjbGFzc25hbWVYJGNsYXNzZXNdTlNNdXRhYmxlRGF0YaMdHyBWTlNEYXRhWE5TT2JqZWN00hscIiNcTlNEaWN0aW9uYXJ5oiIgXxAPTlNLZXllZEFyY2hpdmVy0SYnVHJvb3SAAQAIABEAGgAjAC0AMgA3AEAARgBNAFUAYABnAGoAbABuAHEAcwB1AHcAhACOAOsA8AD4A1ADUgNXA2IDawN5A30DhAONA5IDnwOiA7QDtwO8AAAAAAAAAgEAAAAAAAAAKAAAAAAAAAAAAAAAAAAAA74=},
	Bdsk-Url-1 = {http://dx.doi.org/10.3982/ECTA7925}}

@article{dube2012improving,
	Author = {Dub{\'e}, Jean-Pierre and Fox, Jeremy T and Su, Che-Lin},
	Date-Added = {2017-04-20 13:31:09 +0000},
	Date-Modified = {2017-04-20 13:31:09 +0000},
	Journal = {Econometrica},
	Number = {5},
	Pages = {2231--2267},
	Publisher = {Wiley Online Library},
	Title = {Improving the numerical performance of static and dynamic aggregate discrete choice random coefficients demand estimation},
	Volume = {80},
	Year = {2012},
	Bdsk-File-1 = {YnBsaXN0MDDUAQIDBAUGJCVYJHZlcnNpb25YJG9iamVjdHNZJGFyY2hpdmVyVCR0b3ASAAGGoKgHCBMUFRYaIVUkbnVsbNMJCgsMDxJXTlMua2V5c1pOUy5vYmplY3RzViRjbGFzc6INDoACgAOiEBGABIAFgAdccmVsYXRpdmVQYXRoWWFsaWFzRGF0YW8QIQAuAC4ALwAuAC4ALwAuAC4ALwAuAC4ALwBQAGEAcABlAHIAcwAvAEQAdQBiAGUDAQAvADIAMAAxADIALgBwAGQAZtIXCxgZV05TLmRhdGFPEQGSAAAAAAGSAAIAAAxNYWNpbnRvc2ggSEQAAAAAAAAAAAAAAAAAAADSSMABSCsAAAB3ygEIMjAxMi5wZGYAAAAAAAAAAAAAAAAAAAAAAAAAAAAAAAAAAAAAAAAAAAAAAAAAAAAAAAAAAAAAAAAAAAAAAAAAAJykENSlPxNQREYgAAAAAAAEAAMAAAkgAAAAAAAAAAAAAAAAAAAABER1Yo4AEAAIAADSSKPhAAAAEQAIAADUpTEDAAAAAQAUAHfKAQBXWz4AD2++AAqYjAAGKpoAAgBDTWFjaW50b3NoIEhEOlVzZXJzOgBmbG9yaWFuLm9zd2FsZDoARHJvcGJveDoAUGFwZXJzOgBEdWKOOgAyMDEyLnBkZgAADgASAAgAMgAwADEAMgAuAHAAZABmAA8AGgAMAE0AYQBjAGkAbgB0AG8AcwBoACAASABEABIAM1VzZXJzL2Zsb3JpYW4ub3N3YWxkL0Ryb3Bib3gvUGFwZXJzL0R1YmXMgS8yMDEyLnBkZgAAEwABLwAAFQACABX//wAAgAbSGxwdHlokY2xhc3NuYW1lWCRjbGFzc2VzXU5TTXV0YWJsZURhdGGjHR8gVk5TRGF0YVhOU09iamVjdNIbHCIjXE5TRGljdGlvbmFyeaIiIF8QD05TS2V5ZWRBcmNoaXZlctEmJ1Ryb290gAEACAARABoAIwAtADIANwBAAEYATQBVAGAAZwBqAGwAbgBxAHMAdQB3AIQAjgDTANgA4AJ2AngCfQKIApECnwKjAqoCswK4AsUCyALaAt0C4gAAAAAAAAIBAAAAAAAAACgAAAAAAAAAAAAAAAAAAALk}}

@article{iskhakov2016comment,
	Author = {Iskhakov, Fedor and Lee, Jinhyuk and Rust, John and Schjerning, Bertel and Seo, Kyoungwon},
	Date-Added = {2017-04-14 13:34:29 +0000},
	Date-Modified = {2017-04-14 13:34:29 +0000},
	Journal = {Econometrica},
	Number = {1},
	Pages = {365--370},
	Publisher = {Wiley Online Library},
	Title = {Comment on ``constrained optimization approaches to estimation of structural models''},
	Volume = {84},
	Year = {2016}}

@article{Aguirre,
	Author = {Victor Aguirregabiria and Pedro Mira},
	Date-Added = {2017-04-14 11:41:26 +0000},
	Date-Modified = {2017-04-14 11:41:26 +0000},
	Doi = {DOI: 10.1016/j.jeconom.2009.09.007},
	Issn = {0304-4076},
	Journal = {Journal of Econometrics},
	Keywords = {computational, survey, econometrics, Estimation methods},
	Note = {Structural Models of Optimization Behavior in Labor, Aging, and Health},
	Number = {1},
	Pages = {38 - 67},
	Title = {Dynamic discrete choice structural models: A survey},
	Url = {http://www.sciencedirect.com/science/article/B6VC0-4X7R85S-3/2/b78d013f2b1f3dbce3f2325f0c41d4e4},
	Volume = {156},
	Year = {2010},
	Bdsk-File-1 = {YnBsaXN0MDDUAQIDBAUGJCVYJHZlcnNpb25YJG9iamVjdHNZJGFyY2hpdmVyVCR0b3ASAAGGoKgHCBMUFRYaIVUkbnVsbNMJCgsMDxJXTlMua2V5c1pOUy5vYmplY3RzViRjbGFzc6INDoACgAOiEBGABIAFgAdccmVsYXRpdmVQYXRoWWFsaWFzRGF0YV8QTy4uLy4uLy4uLy4uL1BhcGVycy9BZ3VpcnJlZ2FiaXJpYS9EeW5hbWljIGRpc2NyZXRlIGNob2ljZSBzdHJ1Y3R1cmFsIG1vZGVscy5wZGbSFwsYGVdOUy5kYXRhTxECMgAAAAACMgACAAAMTWFjaW50b3NoIEhEAAAAAAAAAAAAAAAAAAAA0kjAAUgrAAAAV1zcH0R5bmFtaWMgZGlzY3JldGUgY2hvIzU3NkUwOS5wZGYAAAAAAAAAAAAAAAAAAAAAAAAAAAAAAAAAAAAAAAAAAABXbgnIcVYWUERGIAAAAAAABAADAAAJIAAAAAAAAAAAAAAAAAAAAA5BZ3VpcnJlZ2FiaXJpYQAQAAgAANJIo+EAAAARAAgAAMhxOfYAAAABABQAV1zcAFdbPgAPb74ACpiMAAYqmgACAGRNYWNpbnRvc2ggSEQ6VXNlcnM6AGZsb3JpYW4ub3N3YWxkOgBEcm9wYm94OgBQYXBlcnM6AEFndWlycmVnYWJpcmlhOgBEeW5hbWljIGRpc2NyZXRlIGNobyM1NzZFMDkucGRmAA4AXAAtAEQAeQBuAGEAbQBpAGMAIABkAGkAcwBjAHIAZQB0AGUAIABjAGgAbwBpAGMAZQAgAHMAdAByAHUAYwB0AHUAcgBhAGwAIABtAG8AZABlAGwAcwAuAHAAZABmAA8AGgAMAE0AYQBjAGkAbgB0AG8AcwBoACAASABEABIAYFVzZXJzL2Zsb3JpYW4ub3N3YWxkL0Ryb3Bib3gvUGFwZXJzL0FndWlycmVnYWJpcmlhL0R5bmFtaWMgZGlzY3JldGUgY2hvaWNlIHN0cnVjdHVyYWwgbW9kZWxzLnBkZgATAAEvAAAVAAIAFf//AACABtIbHB0eWiRjbGFzc25hbWVYJGNsYXNzZXNdTlNNdXRhYmxlRGF0YaMdHyBWTlNEYXRhWE5TT2JqZWN00hscIiNcTlNEaWN0aW9uYXJ5oiIgXxAPTlNLZXllZEFyY2hpdmVy0SYnVHJvb3SAAQAIABEAGgAjAC0AMgA3AEAARgBNAFUAYABnAGoAbABuAHEAcwB1AHcAhACOAOAA5QDtAyMDJQMqAzUDPgNMA1ADVwNgA2UDcgN1A4cDigOPAAAAAAAAAgEAAAAAAAAAKAAAAAAAAAAAAAAAAAAAA5E=},
	Bdsk-Url-1 = {http://www.sciencedirect.com/science/article/B6VC0-4X7R85S-3/2/b78d013f2b1f3dbce3f2325f0c41d4e4},
	Bdsk-Url-2 = {http://dx.doi.org/10.1016/j.jeconom.2009.09.007}}

@article{JuMP,
	Author = {Iain Dunning and Joey Huchette and Miles Lubin},
	Date-Added = {2017-04-03 12:27:26 +0000},
	Date-Modified = {2017-04-03 12:27:38 +0000},
	Journal = {arXiv:1508.01982 [math.OC]},
	Title = {{JuMP}: {A} modeling language for mathematical optimization},
	Url = {http://arxiv.org/abs/1508.01982},
	Year = {2015},
	Bdsk-Url-1 = {http://arxiv.org/abs/1508.01982}}

@article{clausenenvelope,
	Author = {Clausen, A. and Strub, C.},
	Date-Added = {2016-03-24 10:08:40 +0000},
	Date-Modified = {2016-03-24 10:33:44 +0000},
	Journal = {https://andrewclausen.net/research.html},
	Title = {Envelope Theorems for Non-Smooth and Non-Concave Optimization},
	Url = {https://andrewclausen.net/Clausen_Strub_Envelope.pdf},
	Year = {2013},
	Bdsk-File-1 = {YnBsaXN0MDDUAQIDBAUGJCVYJHZlcnNpb25YJG9iamVjdHNZJGFyY2hpdmVyVCR0b3ASAAGGoKgHCBMUFRYaIVUkbnVsbNMJCgsMDxJXTlMua2V5c1pOUy5vYmplY3RzViRjbGFzc6INDoACgAOiEBGABIAFgAdccmVsYXRpdmVQYXRoWWFsaWFzRGF0YV8QbC4uLy4uLy4uLy4uLy4uL0dvb2dsZSBEcml2ZS9QYXBlcnMvQ2xhdXNlbi9FbnZlbG9wZSBUaGVvcmVtcyBmb3IgTm9uLVNtb290aCBhbmQgTm9uLUNvbmNhdmUgT3B0aW1pemF0aW9uLnBkZtIXCxgZV05TLmRhdGFPEQJkAAAAAAJkAAIAAAxNYWNpbnRvc2ggSEQAAAAAAAAAAAAAAAAAAADSSMABSCsAAAAZQIsfRW52ZWxvcGUgVGhlb3JlbXMgZm8jMTk0MjdFLnBkZgAAAAAAAAAAAAAAAAAAAAAAAAAAAAAAAAAAAAAAAAAAABlCfs9tnL4AAAAAAAAAAAAFAAQAAAkgAAAAAAAAAAAAAAAAAAAAB0NsYXVzZW4AABAACAAA0kij4QAAABEACAAAz22AngAAAAEAFAAZQIsAGT8aABk+3QAKmIwABiqaAAIAYk1hY2ludG9zaCBIRDpVc2VyczoAZmxvcmlhbi5vc3dhbGQ6AEdvb2dsZSBEcml2ZToAUGFwZXJzOgBDbGF1c2VuOgBFbnZlbG9wZSBUaGVvcmVtcyBmbyMxOTQyN0UucGRmAA4AhABBAEUAbgB2AGUAbABvAHAAZQAgAFQAaABlAG8AcgBlAG0AcwAgAGYAbwByACAATgBvAG4ALQBTAG0AbwBvAHQAaAAgAGEAbgBkACAATgBvAG4ALQBDAG8AbgBjAGEAdgBlACAATwBwAHQAaQBtAGkAegBhAHQAaQBvAG4ALgBwAGQAZgAPABoADABNAGEAYwBpAG4AdABvAHMAaAAgAEgARAASAHJVc2Vycy9mbG9yaWFuLm9zd2FsZC9Hb29nbGUgRHJpdmUvUGFwZXJzL0NsYXVzZW4vRW52ZWxvcGUgVGhlb3JlbXMgZm9yIE5vbi1TbW9vdGggYW5kIE5vbi1Db25jYXZlIE9wdGltaXphdGlvbi5wZGYAEwABLwAAFQACABX//wAAgAbSGxwdHlokY2xhc3NuYW1lWCRjbGFzc2VzXU5TTXV0YWJsZURhdGGjHR8gVk5TRGF0YVhOU09iamVjdNIbHCIjXE5TRGljdGlvbmFyeaIiIF8QD05TS2V5ZWRBcmNoaXZlctEmJ1Ryb290gAEACAARABoAIwAtADIANwBAAEYATQBVAGAAZwBqAGwAbgBxAHMAdQB3AIQAjgD9AQIBCgNyA3QDeQOEA40DmwOfA6YDrwO0A8EDxAPWA9kD3gAAAAAAAAIBAAAAAAAAACgAAAAAAAAAAAAAAAAAAAPg}}

@article{iskhakovRust2014,
	Author = {Iskhakov, Fedor and Rust, John and Schjerning, Bertel and Jorgensen, Thomas},
	Date-Added = {2016-03-24 09:28:10 +0000},
	Date-Modified = {2017-04-06 20:20:34 +0000},
	Institution = {Working paper},
	Journal = {SSRN working paper},
	Keywords = {computational, discrete choice, EGM},
	Title = {{Estimating Discrete-Continuous Choice Models: Endogenous Grid Method with Taste Shocks}},
	Url = {http://papers.ssrn.com/sol3/papers.cfm?abstract_id=2696079},
	Year = {2014},
	Bdsk-File-1 = {YnBsaXN0MDDUAQIDBAUGJCVYJHZlcnNpb25YJG9iamVjdHNZJGFyY2hpdmVyVCR0b3ASAAGGoKgHCBMUFRYaIVUkbnVsbNMJCgsMDxJXTlMua2V5c1pOUy5vYmplY3RzViRjbGFzc6INDoACgAOiEBGABIAFgAdccmVsYXRpdmVQYXRoWWFsaWFzRGF0YV8QZy4uLy4uLy4uLy4uLy4uL0dvb2dsZSBEcml2ZS9QYXBlcnMvSXNraGFrb3YvRXN0aW1hdGluZyBEaXNjcmV0ZS1Db250aW51b3VzIENob2ljZSBNb2RlbHMgRW5kb2dlbm91cy5wZGbSFwsYGVdOUy5kYXRhTxECVgAAAAACVgACAAAMTWFjaW50b3NoIEhEAAAAAAAAAAAAAAAAAAAA0kjAAUgrAAAAGT86H0VzdGltYXRpbmcgRGlzY3JldGUtIzE5NDE2RS5wZGYAAAAAAAAAAAAAAAAAAAAAAAAAAAAAAAAAAAAAAAAAAAAZQW7RqgWVAAAAAAAAAAAABQAEAAAJIAAAAAAAAAAAAAAAAAAAAAhJc2toYWtvdgAQAAgAANJIo+EAAAARAAgAANGp6XUAAAABABQAGT86ABk/GgAZPt0ACpiMAAYqmgACAGNNYWNpbnRvc2ggSEQ6VXNlcnM6AGZsb3JpYW4ub3N3YWxkOgBHb29nbGUgRHJpdmU6AFBhcGVyczoASXNraGFrb3Y6AEVzdGltYXRpbmcgRGlzY3JldGUtIzE5NDE2RS5wZGYAAA4AeAA7AEUAcwB0AGkAbQBhAHQAaQBuAGcAIABEAGkAcwBjAHIAZQB0AGUALQBDAG8AbgB0AGkAbgB1AG8AdQBzACAAQwBoAG8AaQBjAGUAIABNAG8AZABlAGwAcwAgAEUAbgBkAG8AZwBlAG4AbwB1AHMALgBwAGQAZgAPABoADABNAGEAYwBpAG4AdABvAHMAaAAgAEgARAASAG1Vc2Vycy9mbG9yaWFuLm9zd2FsZC9Hb29nbGUgRHJpdmUvUGFwZXJzL0lza2hha292L0VzdGltYXRpbmcgRGlzY3JldGUtQ29udGludW91cyBDaG9pY2UgTW9kZWxzIEVuZG9nZW5vdXMucGRmAAATAAEvAAAVAAIAFf//AACABtIbHB0eWiRjbGFzc25hbWVYJGNsYXNzZXNdTlNNdXRhYmxlRGF0YaMdHyBWTlNEYXRhWE5TT2JqZWN00hscIiNcTlNEaWN0aW9uYXJ5oiIgXxAPTlNLZXllZEFyY2hpdmVy0SYnVHJvb3SAAQAIABEAGgAjAC0AMgA3AEAARgBNAFUAYABnAGoAbABuAHEAcwB1AHcAhACOAPgA/QEFA18DYQNmA3EDegOIA4wDkwOcA6EDrgOxA8MDxgPLAAAAAAAAAgEAAAAAAAAAKAAAAAAAAAAAAAAAAAAAA80=}}

@article{carroll2006method,
	Author = {Carroll, Christopher D},
	Date-Added = {2016-03-24 09:12:14 +0000},
	Date-Modified = {2016-03-24 09:12:14 +0000},
	Journal = {Economics letters},
	Number = {3},
	Pages = {312--320},
	Publisher = {Elsevier},
	Title = {The method of endogenous gridpoints for solving dynamic stochastic optimization problems},
	Volume = {91},
	Year = {2006},
	Bdsk-File-1 = {YnBsaXN0MDDUAQIDBAUGJCVYJHZlcnNpb25YJG9iamVjdHNZJGFyY2hpdmVyVCR0b3ASAAGGoKgHCBMUFRYaIVUkbnVsbNMJCgsMDxJXTlMua2V5c1pOUy5vYmplY3RzViRjbGFzc6INDoACgAOiEBGABIAFgAdccmVsYXRpdmVQYXRoWWFsaWFzRGF0YV8QZi4uLy4uLy4uLy4uLy4uL0dvb2dsZSBEcml2ZS9QYXBlcnMvQ2Fycm9sbC9UaGUgbWV0aG9kIG9mIGVuZG9nZW5vdXMgZ3JpZHBvaW50cyBmb3Igc29sdmluZyBkeW5hbWljLnBkZtIXCxgZV05TLmRhdGFPEQJSAAAAAAJSAAIAAAxNYWNpbnRvc2ggSEQAAAAAAAAAAAAAAAAAAADSSMABSCsAAAAZP68fVGhlIG1ldGhvZCBvZiBlbmRvZ2UjMTk0NDQ2LnBkZgAAAAAAAAAAAAAAAAAAAAAAAAAAAAAAAAAAAAAAAAAAABlERsp9qjoAAAAAAAAAAAAFAAQAAAkgAAAAAAAAAAAAAAAAAAAAB0NhcnJvbGwAABAACAAA0kij4QAAABEACAAAyn2OGgAAAAEAFAAZP68AGT8aABk+3QAKmIwABiqaAAIAYk1hY2ludG9zaCBIRDpVc2VyczoAZmxvcmlhbi5vc3dhbGQ6AEdvb2dsZSBEcml2ZToAUGFwZXJzOgBDYXJyb2xsOgBUaGUgbWV0aG9kIG9mIGVuZG9nZSMxOTQ0NDYucGRmAA4AeAA7AFQAaABlACAAbQBlAHQAaABvAGQAIABvAGYAIABlAG4AZABvAGcAZQBuAG8AdQBzACAAZwByAGkAZABwAG8AaQBuAHQAcwAgAGYAbwByACAAcwBvAGwAdgBpAG4AZwAgAGQAeQBuAGEAbQBpAGMALgBwAGQAZgAPABoADABNAGEAYwBpAG4AdABvAHMAaAAgAEgARAASAGxVc2Vycy9mbG9yaWFuLm9zd2FsZC9Hb29nbGUgRHJpdmUvUGFwZXJzL0NhcnJvbGwvVGhlIG1ldGhvZCBvZiBlbmRvZ2Vub3VzIGdyaWRwb2ludHMgZm9yIHNvbHZpbmcgZHluYW1pYy5wZGYAEwABLwAAFQACABX//wAAgAbSGxwdHlokY2xhc3NuYW1lWCRjbGFzc2VzXU5TTXV0YWJsZURhdGGjHR8gVk5TRGF0YVhOU09iamVjdNIbHCIjXE5TRGljdGlvbmFyeaIiIF8QD05TS2V5ZWRBcmNoaXZlctEmJ1Ryb290gAEACAARABoAIwAtADIANwBAAEYATQBVAGAAZwBqAGwAbgBxAHMAdQB3AIQAjgD3APwBBANaA1wDYQNsA3UDgwOHA44DlwOcA6kDrAO+A8EDxgAAAAAAAAIBAAAAAAAAACgAAAAAAAAAAAAAAAAAAAPI}}

@book{stokeylucas,
	Author = {Stokey, Nancy and Lucas, R},
	Date-Added = {2016-03-21 08:01:48 +0000},
	Date-Modified = {2016-03-21 12:57:33 +0000},
	Publisher = {Harvard University Press},
	Title = {Recursive Methods in Economic Dynamics (with E. Prescott)},
	Year = {1989}}

@article{nevo2000practitioner,
	Author = {Nevo, Aviv},
	Date-Added = {2015-12-03 10:04:41 +0000},
	Date-Modified = {2015-12-03 10:04:41 +0000},
	Journal = {Journal of Economics \& Management Strategy},
	Number = {4},
	Pages = {513--548},
	Publisher = {Wiley Online Library},
	Title = {A Practitioner's Guide to Estimation of Random-Coefficients Logit Models of Demand},
	Volume = {9},
	Year = {2000}}

@article{BLP,
	Author = {Berry, S. and Levinsohn, J. and Pakes, A.},
	Date-Added = {2015-12-03 10:03:18 +0000},
	Date-Modified = {2015-12-03 10:03:18 +0000},
	Journal = {Econometrica: Journal of the Econometric Society},
	Keywords = {durable},
	Pages = {841--890},
	Publisher = {Econometric Society},
	Title = {{Automobile prices in market equilibrium}},
	Year = {1995},
	Bdsk-File-1 = {YnBsaXN0MDDUAQIDBAUGJCVYJHZlcnNpb25YJG9iamVjdHNZJGFyY2hpdmVyVCR0b3ASAAGGoKgHCBMUFRYaIVUkbnVsbNMJCgsMDxJXTlMua2V5c1pOUy5vYmplY3RzViRjbGFzc6INDoACgAOiEBGABIAFgAdccmVsYXRpdmVQYXRoWWFsaWFzRGF0YV8QVC4uLy4uLy4uLy4uLy4uL0dvb2dsZSBEcml2ZS9QYXBlcnMvQmVycnkvQXV0b21vYmlsZSBwcmljZXMgaW4gbWFya2V0IGVxdWlsaWJyaXVtLnBkZtIXCxgZV05TLmRhdGFPEQIcAAAAAAIcAAIAAAxNYWNpbnRvc2ggSEQAAAAAAAAAAAAAAAAAAADSSMABSCsAAAAZP9cfQXV0b21vYmlsZSBwcmljZXMgaW4jMTk0QTA0LnBkZgAAAAAAAAAAAAAAAAAAAAAAAAAAAAAAAAAAAAAAAAAAABlKBMYmAvAAAAAAAAAAAAAFAAQAAAkgAAAAAAAAAAAAAAAAAAAABUJlcnJ5AAAQAAgAANJIo+EAAAARAAgAAMYl5tAAAAABABQAGT/XABk/GgAZPt0ACpiMAAYqmgACAGBNYWNpbnRvc2ggSEQ6VXNlcnM6AGZsb3JpYW4ub3N3YWxkOgBHb29nbGUgRHJpdmU6AFBhcGVyczoAQmVycnk6AEF1dG9tb2JpbGUgcHJpY2VzIGluIzE5NEEwNC5wZGYADgBYACsAQQB1AHQAbwBtAG8AYgBpAGwAZQAgAHAAcgBpAGMAZQBzACAAaQBuACAAbQBhAHIAawBlAHQAIABlAHEAdQBpAGwAaQBiAHIAaQB1AG0ALgBwAGQAZgAPABoADABNAGEAYwBpAG4AdABvAHMAaAAgAEgARAASAFpVc2Vycy9mbG9yaWFuLm9zd2FsZC9Hb29nbGUgRHJpdmUvUGFwZXJzL0JlcnJ5L0F1dG9tb2JpbGUgcHJpY2VzIGluIG1hcmtldCBlcXVpbGlicml1bS5wZGYAEwABLwAAFQACABX//wAAgAbSGxwdHlokY2xhc3NuYW1lWCRjbGFzc2VzXU5TTXV0YWJsZURhdGGjHR8gVk5TRGF0YVhOU09iamVjdNIbHCIjXE5TRGljdGlvbmFyeaIiIF8QD05TS2V5ZWRBcmNoaXZlctEmJ1Ryb290gAEACAARABoAIwAtADIANwBAAEYATQBVAGAAZwBqAGwAbgBxAHMAdQB3AIQAjgDlAOoA8gMSAxQDGQMkAy0DOwM/A0YDTwNUA2EDZAN2A3kDfgAAAAAAAAIBAAAAAAAAACgAAAAAAAAAAAAAAAAAAAOA}}

@article{rustbus,
	Abstract = {This paper formulates a simple regenerative optimal stopping model of bus engine replacement to describe the behavior of Harold Zurcher, superintendent of maintenance at the Madison (Wisconsin) Metropolitan Bus Company. The null hypothesis is that Zurcher's decisions on bus engine replacement coincide with an optimal stopping rule: a strategy which specifies whether or not to replace the current bus engine each period as a function of observed and unobserved state variables. The optimal stopping rule is the solution to a stochastic dynamic programming problem that formalizes the trade-off between the conflicting objectives of minimizing maintenance costs versus minimizing unexpected engine failures. The model depends on unknown "primitive parameters" which specify Zurcher's expectations of the future values of the state variables, the expected costs of regular bus maintenance, and his perceptions of the customer goodwill costs of unexpected failures. Using ten years of monthly data on bus mileage and engine replacements for a subsample of 104 buses in the company fleet, I estimate these primitive parameters and test whether Zurcher's behavior is consistent with the model. Admittedly, few people are likely to take particular interest in Harold Zurcher and bus engine replacement per se. I focus on a specific individual and capital good because it provides a simple, concrete framework to illustrate two ideas: (i) a "bottom-up" approach for modelling replacement investment, and (ii) a "nested fixed point" algorithm for estimating dynamic programming models of discrete choice.},
	Author = {Rust, John},
	Copyright = {Copyright {\^A}{\copyright} 1987 The Econometric Society},
	Date-Added = {2015-12-03 10:01:26 +0000},
	Date-Modified = {2017-04-03 10:49:50 +0000},
	Issn = {00129682},
	Journal = {Econometrica},
	Jstor_Articletype = {primary_article},
	Jstor_Formatteddate = {Sep., 1987},
	Keywords = {discrete choice,computational,econometrics},
	Number = {5},
	Pages = {999--1033},
	Publisher = {The Econometric Society},
	Title = {Optimal Replacement of GMC Bus Engines: An Empirical Model of Harold Zurcher},
	Url = {http://www.jstor.org/stable/1911259},
	Volume = {55},
	Year = {1987},
	Bdsk-File-1 = {YnBsaXN0MDDUAQIDBAUGJCVYJHZlcnNpb25YJG9iamVjdHNZJGFyY2hpdmVyVCR0b3ASAAGGoKgHCBMUFRYaIVUkbnVsbNMJCgsMDxJXTlMua2V5c1pOUy5vYmplY3RzViRjbGFzc6INDoACgAOiEBGABIAFgAdccmVsYXRpdmVQYXRoWWFsaWFzRGF0YV8QZi4uLy4uLy4uLy4uLy4uL0dvb2dsZSBEcml2ZS9QYXBlcnMvUnVzdC9PcHRpbWFsIFJlcGxhY2VtZW50IG9mIEdNQyBCdXMgRW5naW5lcyBBbiBFbXBpcmljYWwgTW9kZWwwLnBkZtIXCxgZV05TLmRhdGFPEQJSAAAAAAJSAAIAAAxNYWNpbnRvc2ggSEQAAAAAAAAAAAAAAAAAAADSSMABSCsAAAAZP8gfT3B0aW1hbCBSZXBsYWNlbWVudCAjMTk0NzIwLnBkZgAAAAAAAAAAAAAAAAAAAAAAAAAAAAAAAAAAAAAAAAAAABlHIMhxVgoAAAAAAAAAAAAFAAQAAAkgAAAAAAAAAAAAAAAAAAAABFJ1c3QAEAAIAADSSKPhAAAAEQAIAADIcTnqAAAAAQAUABk/yAAZPxoAGT7dAAqYjAAGKpoAAgBfTWFjaW50b3NoIEhEOlVzZXJzOgBmbG9yaWFuLm9zd2FsZDoAR29vZ2xlIERyaXZlOgBQYXBlcnM6AFJ1c3Q6AE9wdGltYWwgUmVwbGFjZW1lbnQgIzE5NDcyMC5wZGYAAA4AfgA+AE8AcAB0AGkAbQBhAGwAIABSAGUAcABsAGEAYwBlAG0AZQBuAHQAIABvAGYAIABHAE0AQwAgAEIAdQBzACAARQBuAGcAaQBuAGUAcwAgAEEAbgAgAEUAbQBwAGkAcgBpAGMAYQBsACAATQBvAGQAZQBsADAALgBwAGQAZgAPABoADABNAGEAYwBpAG4AdABvAHMAaAAgAEgARAASAGxVc2Vycy9mbG9yaWFuLm9zd2FsZC9Hb29nbGUgRHJpdmUvUGFwZXJzL1J1c3QvT3B0aW1hbCBSZXBsYWNlbWVudCBvZiBHTUMgQnVzIEVuZ2luZXMgQW4gRW1waXJpY2FsIE1vZGVsMC5wZGYAEwABLwAAFQACABX//wAAgAbSGxwdHlokY2xhc3NuYW1lWCRjbGFzc2VzXU5TTXV0YWJsZURhdGGjHR8gVk5TRGF0YVhOU09iamVjdNIbHCIjXE5TRGljdGlvbmFyeaIiIF8QD05TS2V5ZWRBcmNoaXZlctEmJ1Ryb290gAEACAARABoAIwAtADIANwBAAEYATQBVAGAAZwBqAGwAbgBxAHMAdQB3AIQAjgD3APwBBANaA1wDYQNsA3UDgwOHA44DlwOcA6kDrAO+A8EDxgAAAAAAAAIBAAAAAAAAACgAAAAAAAAAAAAAAAAAAAPI},
	Bdsk-Url-1 = {http://www.jstor.org/stable/1911259}}

@book{casellaR,
	Author = {Robert, Christian and Casella, George},
	Date-Added = {2015-12-03 09:42:55 +0000},
	Date-Modified = {2017-04-03 10:49:34 +0000},
	Publisher = {Springer Science \& Business Media},
	Title = {Introducing Monte Carlo Methods with R},
	Year = {2009}}

@book{nocedalwright,
	Author = {Nocedal, Jorge and Wright, Stephen},
	Date-Added = {2015-12-03 09:35:11 +0000},
	Date-Modified = {2017-04-03 10:49:46 +0000},
	Publisher = {Springer Science \& Business Media},
	Title = {Numerical optimization},
	Year = {2006}}

@article{maliarmaliar,
	Author = {Maliar, Lilia and Maliar, Serguei},
	Date-Added = {2015-12-03 08:48:50 +0000},
	Date-Modified = {2017-04-03 10:49:41 +0000},
	Doi = {http://dx.doi.org/10.1016/B978-0-444-52980-0.00007-4},
	Journal = {Handbook of Computational Economics},
	Pages = {325},
	Publisher = {Newnes},
	Title = {Numerical methods for large scale dynamic economic models},
	Volume = {3},
	Year = {2013},
	Bdsk-File-1 = {YnBsaXN0MDDUAQIDBAUGJCVYJHZlcnNpb25YJG9iamVjdHNZJGFyY2hpdmVyVCR0b3ASAAGGoKgHCBMUFRYaIVUkbnVsbNMJCgsMDxJXTlMua2V5c1pOUy5vYmplY3RzViRjbGFzc6INDoACgAOiEBGABIAFgAdccmVsYXRpdmVQYXRoWWFsaWFzRGF0YV8QVy4uLy4uLy4uLy4uLy4uL0dvb2dsZSBEcml2ZS9QYXBlcnMvTWFsaWFyL051bWVyaWNhbCBtZXRob2RzIGZvciBsYXJnZSBzY2FsZSBkeW5hbWljLnBkZtIXCxgZV05TLmRhdGFPEQImAAAAAAImAAIAAAxNYWNpbnRvc2ggSEQAAAAAAAAAAAAAAAAAAADSSMABSCsAAAAZP04fTnVtZXJpY2FsIG1ldGhvZHMgZm8jMTk0MTZBLnBkZgAAAAAAAAAAAAAAAAAAAAAAAAAAAAAAAAAAAAAAAAAAABlBatGvXS4AAAAAAAAAAAAFAAQAAAkgAAAAAAAAAAAAAAAAAAAABk1hbGlhcgAQAAgAANJIo+EAAAARAAgAANGvQQ4AAAABABQAGT9OABk/GgAZPt0ACpiMAAYqmgACAGFNYWNpbnRvc2ggSEQ6VXNlcnM6AGZsb3JpYW4ub3N3YWxkOgBHb29nbGUgRHJpdmU6AFBhcGVyczoATWFsaWFyOgBOdW1lcmljYWwgbWV0aG9kcyBmbyMxOTQxNkEucGRmAAAOAFwALQBOAHUAbQBlAHIAaQBjAGEAbAAgAG0AZQB0AGgAbwBkAHMAIABmAG8AcgAgAGwAYQByAGcAZQAgAHMAYwBhAGwAZQAgAGQAeQBuAGEAbQBpAGMALgBwAGQAZgAPABoADABNAGEAYwBpAG4AdABvAHMAaAAgAEgARAASAF1Vc2Vycy9mbG9yaWFuLm9zd2FsZC9Hb29nbGUgRHJpdmUvUGFwZXJzL01hbGlhci9OdW1lcmljYWwgbWV0aG9kcyBmb3IgbGFyZ2Ugc2NhbGUgZHluYW1pYy5wZGYAABMAAS8AABUAAgAV//8AAIAG0hscHR5aJGNsYXNzbmFtZVgkY2xhc3Nlc11OU011dGFibGVEYXRhox0fIFZOU0RhdGFYTlNPYmplY3TSGxwiI1xOU0RpY3Rpb25hcnmiIiBfEA9OU0tleWVkQXJjaGl2ZXLRJidUcm9vdIABAAgAEQAaACMALQAyADcAQABGAE0AVQBgAGcAagBsAG4AcQBzAHUAdwCEAI4A6ADtAPUDHwMhAyYDMQM6A0gDTANTA1wDYQNuA3EDgwOGA4sAAAAAAAACAQAAAAAAAAAoAAAAAAAAAAAAAAAAAAADjQ==}}

@book{facklermiranda,
	Author = {Fackler, Paul L and Miranda, Mario Jl},
	Date-Added = {2015-12-01 13:23:54 +0000},
	Date-Modified = {2017-04-03 11:19:11 +0000},
	Publisher = {MIT press},
	Title = {Applied computational economics and finance},
	Year = {2004}}

@article{deboor,
	Author = {De Boor, Carl},
	Date-Added = {2015-11-30 15:53:03 +0000},
	Date-Modified = {2015-11-30 15:53:08 +0000},
	Journal = {Mathematics of Computation},
	Title = {A practical guide to splines},
	Year = {1978}}

@techreport{jesuscomputing,
	Author = {Aruoba, S Boraugan and Fernandez-Villaverde, Jesus},
	Date-Added = {2015-11-27 20:41:36 +0000},
	Date-Modified = {2017-04-03 10:49:24 +0000},
	Institution = {National Bureau of Economic Research},
	Title = {A comparison of programming languages in economics},
	Url = {http://economics.sas.upenn.edu/~jesusfv/comparison_languages.pdf},
	Year = {2014},
	Bdsk-Url-1 = {http://economics.sas.upenn.edu/~jesusfv/comparison_languages.pdf}}

@article{jmmv,
	Author = {Judd, Kenneth L and Maliar, Lilia and Maliar, Serguei and Valero, Rafael},
	Date-Added = {2015-11-27 20:34:54 +0000},
	Date-Modified = {2015-11-27 20:34:54 +0000},
	Journal = {Journal of Economic Dynamics and Control},
	Pages = {92--123},
	Publisher = {Elsevier},
	Title = {Smolyak method for solving dynamic economic models: Lagrange interpolation, anisotropic grid and adaptive domain},
	Volume = {44},
	Year = {2014},
	Bdsk-File-1 = {YnBsaXN0MDDUAQIDBAUGJCVYJHZlcnNpb25YJG9iamVjdHNZJGFyY2hpdmVyVCR0b3ASAAGGoKgHCBMUFRYaIVUkbnVsbNMJCgsMDxJXTlMua2V5c1pOUy5vYmplY3RzViRjbGFzc6INDoACgAOiEBGABIAFgAdccmVsYXRpdmVQYXRoWWFsaWFzRGF0YV8QJy4uLy4uLy4uLy4uLy4uLy5UcmFzaC9KRURDMjAxNF9KTU1WLnBkZtIXCxgZV05TLmRhdGFPEQGSAAAAAAGSAAIAAAxNYWNpbnRvc2ggSEQAAAAAAAAAAAAAAAAAAADRCKi2SCsAAAATHu0RSkVEQzIwMTRfSk1NVi5wZGYAAAAAAAAAAAAAAAAAAAAAAAAAAAAAAAAAAAAAAAAAAAAAAAAAAAAAAAAAAAAAABxhdNI6rUJQREYgAAAAAAAFAAIAAAkgAAAAAAAAAAAAAAAAAAAABi5UcmFzaAAQAAgAANEImqYAAAARAAgAANI6kSIAAAABAAwAEx7tABLsuQAClRUAAgA9TWFjaW50b3NoIEhEOlVzZXJzOgBmbG9yaWFuLm9zd2FsZDoALlRyYXNoOgBKRURDMjAxNF9KTU1WLnBkZgAADgAkABEASgBFAEQAQwAyADAAMQA0AF8ASgBNAE0AVgAuAHAAZABmAA8AGgAMAE0AYQBjAGkAbgB0AG8AcwBoACAASABEABIALVVzZXJzL2Zsb3JpYW4ub3N3YWxkLy5UcmFzaC9KRURDMjAxNF9KTU1WLnBkZgAAEwABLwAAFQACABX//wAAgAbSGxwdHlokY2xhc3NuYW1lWCRjbGFzc2VzXU5TTXV0YWJsZURhdGGjHR8gVk5TRGF0YVhOU09iamVjdNIbHCIjXE5TRGljdGlvbmFyeaIiIF8QD05TS2V5ZWRBcmNoaXZlctEmJ1Ryb290gAEACAARABoAIwAtADIANwBAAEYATQBVAGAAZwBqAGwAbgBxAHMAdQB3AIQAjgC4AL0AxQJbAl0CYgJtAnYChAKIAo8CmAKdAqoCrQK/AsICxwAAAAAAAAIBAAAAAAAAACgAAAAAAAAAAAAAAAAAAALJ}}

@book{juddbook,
	Author = {Judd, Kenneth L.},
	Date-Added = {2015-11-27 20:34:50 +0000},
	Date-Modified = {2017-04-03 10:49:57 +0000},
	Isbn = {0262100711},
	Keywords = {computational},
	Publisher = {The MIT Press},
	Title = {{Numerical methods in economics}},
	Year = {1998}}
